,Date,Type,Price,Size
0,2016-08-09 10:07:18,TRADE,11.92,3000
1,2016-08-09 10:07:18,BID,11.91,39100
2,2016-08-09 10:07:18,ASK,11.92,17200
3,2016-08-09 10:07:18,ASK,11.92,22200
4,2016-08-09 10:07:18,BID,11.91,44100
5,2016-08-09 10:07:18,ASK,11.92,17200
6,2016-08-09 10:07:18,BID,11.91,46000
7,2016-08-09 10:07:18,TRADE,11.92,6700
8,2016-08-09 10:07:18,ASK,11.92,10500
9,2016-08-09 10:07:18,TRADE,11.91,600
10,2016-08-09 10:07:18,TRADE,11.91,300
11,2016-08-09 10:07:18,TRADE,11.91,100
12,2016-08-09 10:07:18,TRADE,11.91,100
13,2016-08-09 10:07:18,TRADE,11.91,1500
14,2016-08-09 10:07:18,TRADE,11.91,300
15,2016-08-09 10:07:18,TRADE,11.91,200
16,2016-08-09 10:07:18,TRADE,11.91,1000
17,2016-08-09 10:07:18,TRADE,11.91,1500
18,2016-08-09 10:07:18,BID,11.91,40400
19,2016-08-09 10:07:18,TRADE,11.92,10500
20,2016-08-09 10:07:18,ASK,11.93,5400
21,2016-08-09 10:07:18,TRADE,11.93,400
22,2016-08-09 10:07:18,TRADE,11.93,4600
23,2016-08-09 10:07:18,ASK,11.93,400
24,2016-08-09 10:07:18,BID,11.92,5000
25,2016-08-09 10:07:18,ASK,11.94,1500
26,2016-08-09 10:07:18,ASK,11.94,6500
27,2016-08-09 10:07:18,TRADE,11.94,1500
28,2016-08-09 10:07:18,TRADE,11.94,100
29,2016-08-09 10:07:18,ASK,11.94,4900
30,2016-08-09 10:07:19,TRADE,11.94,1000
31,2016-08-09 10:07:19,ASK,11.94,3900
32,2016-08-09 10:07:19,TRADE,11.92,200
33,2016-08-09 10:07:19,BID,11.92,4800
34,2016-08-09 10:07:19,TRADE,11.92,4800
35,2016-08-09 10:07:19,BID,11.91,41700
36,2016-08-09 10:07:19,BID,11.91,46700
37,2016-08-09 10:07:19,BID,11.92,5000
38,2016-08-09 10:07:19,BID,11.91,46700
39,2016-08-09 10:07:19,BID,11.92,5000
40,2016-08-09 10:07:19,TRADE,11.94,2800
41,2016-08-09 10:07:19,ASK,11.94,1100
42,2016-08-09 10:07:19,ASK,11.94,1200
43,2016-08-09 10:07:19,TRADE,11.92,5000
44,2016-08-09 10:07:19,BID,11.91,46700
45,2016-08-09 10:07:19,TRADE,11.91,600
46,2016-08-09 10:07:19,TRADE,11.91,2100
47,2016-08-09 10:07:19,TRADE,11.91,300
47,2016-08-09 10:07:19,BID,11.91,43700
48,2016-08-09 10:07:19,BID,11.91,38700
49,2016-08-09 10:07:20,ASK,11.94,6200
50,2016-08-09 10:07:21,ASK,11.94,1200
51,2016-08-09 10:07:21,BID,11.91,43700
52,2016-08-09 10:07:22,TRADE,11.94,1100
53,2016-08-09 10:07:22,TRADE,11.94,100
54,2016-08-09 10:07:22,ASK,11.95,5600
55,2016-08-09 10:07:22,TRADE,11.95,100
56,2016-08-09 10:07:22,TRADE,11.95,100
57,2016-08-09 10:07:22,TRADE,11.95,300
58,2016-08-09 10:07:22,TRADE,11.95,100
59,2016-08-09 10:07:22,TRADE,11.95,2200
59,2016-08-09 10:07:22,ASK,11.95,2800
60,2016-08-09 10:07:22,ASK,11.96,22000
61,2016-08-09 10:07:22,ASK,11.96,17000
62,2016-08-09 10:07:22,BID,11.94,100
63,2016-08-09 10:07:22,TRADE,11.94,100
64,2016-08-09 10:07:22,BID,11.92,4600
65,2016-08-09 10:07:22,ASK,11.95,500
66,2016-08-09 10:07:22,BID,11.92,9600
67,2016-08-09 10:07:22,BID,11.93,5000
68,2016-08-09 10:07:22,ASK,11.95,5500
69,2016-08-09 10:07:22,BID,11.93,10000
70,2016-08-09 10:07:22,TRADE,11.93,100
71,2016-08-09 10:07:22,BID,11.93,9900
72,2016-08-09 10:07:22,TRADE,11.93,800
73,2016-08-09 10:07:22,BID,11.93,9100
74,2016-08-09 10:07:22,TRADE,11.93,4100
75,2016-08-09 10:07:22,TRADE,11.93,5000
76,2016-08-09 10:07:22,BID,11.92,9600
77,2016-08-09 10:07:22,BID,11.92,4600
78,2016-08-09 10:07:22,BID,11.92,5100
79,2016-08-09 10:07:22,BID,11.92,5600
80,2016-08-09 10:07:22,ASK,11.95,5000
81,2016-08-09 10:07:22,ASK,11.95,5500
82,2016-08-09 10:07:22,TRADE,11.92,100
83,2016-08-09 10:07:22,BID,11.92,5500
84,2016-08-09 10:07:23,BID,11.92,5600
85,2016-08-09 10:07:23,ASK,11.95,10500
86,2016-08-09 10:07:24,TRADE,11.95,1900
87,2016-08-09 10:07:24,ASK,11.95,8600
88,2016-08-09 10:07:24,ASK,11.95,3600
89,2016-08-09 10:07:24,BID,11.92,7400
90,2016-08-09 10:07:24,BID,11.92,8800
91,2016-08-09 10:07:24,TRADE,11.95,1800
92,2016-08-09 10:07:24,BID,11.92,7000
93,2016-08-09 10:07:24,ASK,11.95,1800
94,2016-08-09 10:07:24,TRADE,11.95,1300
95,2016-08-09 10:07:24,TRADE,11.95,100
96,2016-08-09 10:07:24,BID,11.92,5600
97,2016-08-09 10:07:24,ASK,11.95,400
98,2016-08-09 10:07:24,ASK,11.96,17000
99,2016-08-09 10:07:24,BID,11.92,10600
100,2016-08-09 10:07:24,ASK,11.95,300
101,2016-08-09 10:07:24,BID,11.93,5000
102,2016-08-09 10:07:24,ASK,11.95,5300
103,2016-08-09 10:07:24,BID,11.93,10000
104,2016-08-09 10:07:24,TRADE,11.93,100
105,2016-08-09 10:07:24,BID,11.93,9900
106,2016-08-09 10:07:24,TRADE,11.93,900
107,2016-08-09 10:07:24,BID,11.93,9000
108,2016-08-09 10:07:25,BID,11.93,10200
109,2016-08-09 10:07:25,TRADE,11.95,300
110,2016-08-09 10:07:25,TRADE,11.95,3000
111,2016-08-09 10:07:25,ASK,11.95,2000
112,2016-08-09 10:07:25,ASK,11.95,2100
113,2016-08-09 10:07:25,TRADE,11.95,100
114,2016-08-09 10:07:25,ASK,11.95,2000
115,2016-08-09 10:07:26,BID,11.93,11300
116,2016-08-09 10:07:26,TRADE,11.95,100
117,2016-08-09 10:07:26,ASK,11.95,1900
118,2016-08-09 10:07:28,BID,11.93,11400
119,2016-08-09 10:07:30,ASK,11.95,1800
120,2016-08-09 10:07:30,TRADE,11.95,1100
121,2016-08-09 10:07:30,BID,11.93,10300
122,2016-08-09 10:07:30,ASK,11.95,700
123,2016-08-09 10:07:30,BID,11.93,11300
124,2016-08-09 10:07:30,BID,11.93,12000
125,2016-08-09 10:07:30,TRADE,11.95,700
126,2016-08-09 10:07:30,BID,11.95,300
127,2016-08-09 10:07:30,ASK,11.96,22000
128,2016-08-09 10:07:30,TRADE,11.95,300
129,2016-08-09 10:07:30,BID,11.93,11000
130,2016-08-09 10:07:30,ASK,11.96,17000
131,2016-08-09 10:07:30,ASK,11.95,5000
132,2016-08-09 10:07:30,BID,11.94,5000
134,2016-08-09 10:07:30,TRADE,11.94,5000
135,2016-08-09 10:07:30,BID,11.93,12000
136,2016-08-09 10:07:30,TRADE,11.93,1200
136,2016-08-09 10:07:30,BID,11.93,10800
137,2016-08-09 10:07:30,BID,11.93,8000
138,2016-08-09 10:07:30,TRADE,11.93,5000
139,2016-08-09 10:07:30,TRADE,11.93,100
140,2016-08-09 10:07:30,BID,11.93,2900
141,2016-08-09 10:07:30,BID,11.93,7900
142,2016-08-09 10:07:32,BID,11.93,8400
143,2016-08-09 10:07:33,BID,11.93,8900
144,2016-08-09 10:07:33,ASK,11.95,5500
145,2016-08-09 10:07:34,ASK,11.95,8500
146,2016-08-09 10:07:34,TRADE,11.95,500
147,2016-08-09 10:07:34,BID,11.93,8400
148,2016-08-09 10:07:34,ASK,11.95,8000
149,2016-08-09 10:07:34,TRADE,11.95,700
150,2016-08-09 10:07:34,BID,11.93,7700
151,2016-08-09 10:07:34,ASK,11.95,7300
152,2016-08-09 10:07:34,BID,11.93,12700
153,2016-08-09 10:07:36,BID,11.93,13200
154,2016-08-09 10:07:37,BID,11.93,23200
155,2016-08-09 10:07:38,TRADE,11.95,500
156,2016-08-09 10:07:38,BID,11.93,22700
157,2016-08-09 10:07:38,ASK,11.95,6800
158,2016-08-09 10:07:38,BID,11.93,23100
159,2016-08-09 10:07:38,BID,11.93,23300
160,2016-08-09 10:07:38,TRADE,11.95,200
161,2016-08-09 10:07:38,BID,11.93,23100
162,2016-08-09 10:07:38,ASK,11.95,6600
163,2016-08-09 10:07:38,TRADE,11.95,400
164,2016-08-09 10:07:38,BID,11.93,22700
165,2016-08-09 10:07:38,ASK,11.95,6200
166,2016-08-09 10:07:40,BID,11.93,22900
167,2016-08-09 10:07:40,BID,11.93,26800
168,2016-08-09 10:07:42,BID,11.93,27100
169,2016-08-09 10:07:43,BID,11.94,2300
170,2016-08-09 10:07:43,ASK,11.95,14700
171,2016-08-09 10:07:44,TRADE,11.95,200
172,2016-08-09 10:07:44,ASK,11.95,14500
173,2016-08-09 10:07:44,BID,11.94,2500
174,2016-08-09 10:07:44,BID,11.94,2600
175,2016-08-09 10:07:44,TRADE,11.95,200
176,2016-08-09 10:07:44,BID,11.94,2400
177,2016-08-09 10:07:44,ASK,11.95,14300
178,2016-08-09 10:07:44,TRADE,11.95,100
179,2016-08-09 10:07:44,BID,11.94,2300
180,2016-08-09 10:07:44,ASK,11.95,14200
181,2016-08-09 10:07:45,TRADE,11.95,100
182,2016-08-09 10:07:45,ASK,11.95,14100
183,2016-08-09 10:07:45,BID,11.94,3500
184,2016-08-09 10:07:46,BID,11.94,6700
185,2016-08-09 10:07:46,TRADE,11.95,100
186,2016-08-09 10:07:46,ASK,11.95,14000
187,2016-08-09 10:07:46,ASK,11.95,14100
188,2016-08-09 10:07:46,BID,11.94,3500
189,2016-08-09 10:07:48,BID,11.94,3600
190,2016-08-09 10:07:48,BID,11.94,3700
191,2016-08-09 10:07:49,TRADE,11.95,100
192,2016-08-09 10:07:49,BID,11.94,3600
193,2016-08-09 10:07:49,ASK,11.95,14000
194,2016-08-09 10:07:54,BID,11.94,8600
195,2016-08-09 10:07:54,TRADE,11.94,2000
196,2016-08-09 10:07:54,BID,11.94,6600
197,2016-08-09 10:07:55,BID,11.94,7600
198,2016-08-09 10:07:56,TRADE,11.95,100
199,2016-08-09 10:07:56,ASK,11.95,13900
200,2016-08-09 10:07:58,TRADE,11.95,100
201,2016-08-09 10:07:58,ASK,11.95,13800
202,2016-08-09 10:07:59,TRADE,11.94,300
203,2016-08-09 10:07:59,TRADE,11.94,600
204,2016-08-09 10:07:59,BID,11.94,6700
205,2016-08-09 10:07:59,TRADE,11.95,1000
206,2016-08-09 10:07:59,ASK,11.95,12800
207,2016-08-09 10:08:00,TRADE,11.94,200
208,2016-08-09 10:08:00,BID,11.94,6500
209,2016-08-09 10:08:00,TRADE,11.94,100
210,2016-08-09 10:08:00,BID,11.94,6400
211,2016-08-09 10:08:00,TRADE,11.94,100
212,2016-08-09 10:08:00,BID,11.94,6300
213,2016-08-09 10:08:00,TRADE,11.94,100
214,2016-08-09 10:08:00,BID,11.94,6200
215,2016-08-09 10:08:00,TRADE,11.94,100
216,2016-08-09 10:08:00,BID,11.94,6100
217,2016-08-09 10:08:00,TRADE,11.94,100
218,2016-08-09 10:08:00,TRADE,11.94,300
219,2016-08-09 10:08:00,BID,11.94,5700
220,2016-08-09 10:08:00,TRADE,11.94,4700
221,2016-08-09 10:08:00,TRADE,11.94,1000
222,2016-08-09 10:08:00,BID,11.93,26700
223,2016-08-09 10:08:00,BID,11.93,21700
224,2016-08-09 10:08:01,BID,11.93,22200
225,2016-08-09 10:08:02,ASK,11.95,12700
226,2016-08-09 10:08:03,BID,11.93,22300
227,2016-08-09 10:08:03,BID,11.94,2000
228,2016-08-09 10:08:03,BID,11.94,2200
229,2016-08-09 10:08:03,TRADE,11.94,200
230,2016-08-09 10:08:03,BID,11.94,2000
231,2016-08-09 10:08:04,TRADE,11.94,100
232,2016-08-09 10:08:04,BID,11.94,1900
233,2016-08-09 10:08:04,TRADE,11.94,100
234,2016-08-09 10:08:04,BID,11.94,1800
235,2016-08-09 10:08:04,TRADE,11.94,100
236,2016-08-09 10:08:04,BID,11.94,1700
237,2016-08-09 10:08:04,TRADE,11.94,100
238,2016-08-09 10:08:04,BID,11.94,1600
239,2016-08-09 10:08:04,TRADE,11.94,100
240,2016-08-09 10:08:04,BID,11.94,1500
241,2016-08-09 10:08:04,TRADE,11.94,100
242,2016-08-09 10:08:04,BID,11.94,1400
243,2016-08-09 10:08:04,TRADE,11.94,100
244,2016-08-09 10:08:04,BID,11.94,1300
245,2016-08-09 10:08:04,TRADE,11.94,100
246,2016-08-09 10:08:04,BID,11.94,1200
247,2016-08-09 10:08:04,TRADE,11.94,100
248,2016-08-09 10:08:04,BID,11.94,1100
249,2016-08-09 10:08:05,TRADE,11.94,100
250,2016-08-09 10:08:05,BID,11.94,1000
251,2016-08-09 10:08:05,TRADE,11.94,100
252,2016-08-09 10:08:05,BID,11.94,900
253,2016-08-09 10:08:05,TRADE,11.94,100
254,2016-08-09 10:08:05,BID,11.94,800
255,2016-08-09 10:08:05,TRADE,11.94,100
256,2016-08-09 10:08:05,BID,11.94,700
257,2016-08-09 10:08:05,BID,11.94,1100
258,2016-08-09 10:08:05,TRADE,11.94,100
259,2016-08-09 10:08:05,BID,11.94,1000
260,2016-08-09 10:08:05,TRADE,11.94,100
261,2016-08-09 10:08:05,BID,11.94,900
262,2016-08-09 10:08:05,TRADE,11.94,100
263,2016-08-09 10:08:05,BID,11.94,800
264,2016-08-09 10:08:05,TRADE,11.94,200
265,2016-08-09 10:08:05,TRADE,11.94,100
266,2016-08-09 10:08:05,BID,11.94,500
267,2016-08-09 10:08:05,TRADE,11.94,100
268,2016-08-09 10:08:05,BID,11.94,400
269,2016-08-09 10:08:06,TRADE,11.94,100
270,2016-08-09 10:08:06,BID,11.94,300
271,2016-08-09 10:08:06,TRADE,11.94,100
272,2016-08-09 10:08:06,BID,11.94,200
273,2016-08-09 10:08:06,TRADE,11.94,100
274,2016-08-09 10:08:06,BID,11.94,100
275,2016-08-09 10:08:06,TRADE,11.94,100
276,2016-08-09 10:08:06,BID,11.93,24800
277,2016-08-09 10:08:06,TRADE,11.93,100
278,2016-08-09 10:08:06,BID,11.93,24700
279,2016-08-09 10:08:06,BID,11.93,24800
280,2016-08-09 10:08:08,BID,11.93,26800
281,2016-08-09 10:08:08,BID,11.93,31800
282,2016-08-09 10:08:12,ASK,11.95,14200
283,2016-08-09 10:08:14,TRADE,11.95,700
284,2016-08-09 10:08:14,TRADE,11.95,400
285,2016-08-09 10:08:14,ASK,11.95,13100
286,2016-08-09 10:08:14,ASK,11.95,18100
288,2016-08-09 10:08:19,ASK,11.95,9600
289,2016-08-09 10:08:19,ASK,11.95,10600
290,2016-08-09 10:08:19,BID,11.93,34800
291,2016-08-09 10:08:19,TRADE,11.95,100
292,2016-08-09 10:08:19,TRADE,11.95,3000
293,2016-08-09 10:08:19,TRADE,11.95,1500
294,2016-08-09 10:08:19,TRADE,11.95,5000
295,2016-08-09 10:08:19,TRADE,11.95,400
296,2016-08-09 10:08:19,ASK,11.95,600
297,2016-08-09 10:08:19,BID,11.94,5000
298,2016-08-09 10:08:19,ASK,11.95,5600
299,2016-08-09 10:08:19,BID,11.94,10000
300,2016-08-09 10:08:19,TRADE,11.94,2200
301,2016-08-09 10:08:19,BID,11.94,7800
302,2016-08-09 10:08:21,TRADE,11.95,600
303,2016-08-09 10:08:21,TRADE,11.95,4400
304,2016-08-09 10:08:21,ASK,11.95,600
305,2016-08-09 10:08:21,BID,11.94,8600
306,2016-08-09 10:08:21,TRADE,11.94,1400
307,2016-08-09 10:08:21,BID,11.94,7200
308,2016-08-09 10:08:21,TRADE,11.94,400
309,2016-08-09 10:08:21,BID,11.94,6800
310,2016-08-09 10:08:22,TRADE,11.94,100
311,2016-08-09 10:08:22,BID,11.94,6700
312,2016-08-09 10:08:22,TRADE,11.95,500
313,2016-08-09 10:08:22,ASK,11.95,100
314,2016-08-09 10:08:23,BID,11.94,6800
315,2016-08-09 10:08:23,BID,11.94,7400
316,2016-08-09 10:08:23,TRADE,11.94,100
317,2016-08-09 10:08:23,BID,11.94,7300
318,2016-08-09 10:08:23,BID,11.94,7400
319,2016-08-09 10:08:24,TRADE,11.95,100
320,2016-08-09 10:08:24,ASK,11.96,11100
321,2016-08-09 10:08:24,TRADE,11.96,2000
322,2016-08-09 10:08:24,TRADE,11.96,400
322,2016-08-09 10:08:24,ASK,11.96,8700
323,2016-08-09 10:08:24,ASK,11.95,5000
324,2016-08-09 10:08:24,TRADE,11.95,100
325,2016-08-09 10:08:24,ASK,11.95,4900
326,2016-08-09 10:08:24,BID,11.94,2400
327,2016-08-09 10:08:25,ASK,11.95,5000
328,2016-08-09 10:08:25,TRADE,11.94,500
329,2016-08-09 10:08:25,BID,11.94,1900
330,2016-08-09 10:08:25,TRADE,11.94,200
331,2016-08-09 10:08:25,BID,11.94,1700
332,2016-08-09 10:08:26,BID,11.94,3700
333,2016-08-09 10:08:29,BID,11.94,3600
334,2016-08-09 10:08:29,ASK,11.95,5100
335,2016-08-09 10:08:30,TRADE,11.95,4900
336,2016-08-09 10:08:30,TRADE,11.95,100
337,2016-08-09 10:08:30,TRADE,11.95,100
338,2016-08-09 10:08:30,BID,11.95,400
339,2016-08-09 10:08:30,ASK,11.96,13600
340,2016-08-09 10:08:30,ASK,11.96,8600
341,2016-08-09 10:08:30,ASK,11.96,8700
342,2016-08-09 10:08:30,TRADE,11.95,400
343,2016-08-09 10:08:30,BID,11.94,8600
344,2016-08-09 10:08:30,TRADE,11.94,100
345,2016-08-09 10:08:30,TRADE,11.94,400
345,2016-08-09 10:08:30,BID,11.94,8100
346,2016-08-09 10:08:30,BID,11.94,13100
347,2016-08-09 10:08:30,BID,11.95,400
348,2016-08-09 10:08:30,BID,11.95,1300
349,2016-08-09 10:08:31,BID,11.95,2300
350,2016-08-09 10:08:32,TRADE,11.95,300
351,2016-08-09 10:08:32,BID,11.95,2000
352,2016-08-09 10:08:32,ASK,11.96,8600
353,2016-08-09 10:08:32,TRADE,11.96,500
354,2016-08-09 10:08:32,ASK,11.96,8100
355,2016-08-09 10:08:32,TRADE,11.95,100
356,2016-08-09 10:08:32,BID,11.95,1900
357,2016-08-09 10:08:32,TRADE,11.96,1000
358,2016-08-09 10:08:32,ASK,11.96,7100
359,2016-08-09 10:08:32,TRADE,11.95,300
360,2016-08-09 10:08:32,BID,11.95,1600
361,2016-08-09 10:08:33,BID,11.95,1700
362,2016-08-09 10:08:35,BID,11.95,6700
363,2016-08-09 10:08:36,TRADE,11.95,600
364,2016-08-09 10:08:36,TRADE,11.95,1000
365,2016-08-09 10:08:36,TRADE,11.95,100
366,2016-08-09 10:08:36,TRADE,11.95,2500
367,2016-08-09 10:08:36,BID,11.95,2500
368,2016-08-09 10:08:36,BID,11.94,12700
369,2016-08-09 10:08:36,BID,11.94,7700
370,2016-08-09 10:08:36,ASK,11.95,300
371,2016-08-09 10:08:36,ASK,11.95,5300
372,2016-08-09 10:08:36,TRADE,11.95,300
373,2016-08-09 10:08:36,TRADE,11.95,5000
374,2016-08-09 10:08:36,BID,11.95,4700
375,2016-08-09 10:08:36,ASK,11.96,7200
376,2016-08-09 10:08:36,ASK,11.96,7100
377,2016-08-09 10:08:36,TRADE,11.95,1000
378,2016-08-09 10:08:36,BID,11.95,3700
379,2016-08-09 10:08:36,TRADE,11.95,1900
380,2016-08-09 10:08:36,BID,11.95,1800
381,2016-08-09 10:08:39,ASK,11.96,7200
382,2016-08-09 10:08:40,TRADE,11.95,100
383,2016-08-09 10:08:40,BID,11.95,1700
384,2016-08-09 10:08:40,TRADE,11.95,1700
385,2016-08-09 10:08:40,BID,11.94,13700
386,2016-08-09 10:08:40,TRADE,11.96,1000
387,2016-08-09 10:08:40,ASK,11.96,6200
388,2016-08-09 10:08:40,TRADE,11.96,2100
389,2016-08-09 10:08:40,TRADE,11.96,1500
390,2016-08-09 10:08:40,ASK,11.96,2600
391,2016-08-09 10:08:40,ASK,11.96,7600
392,2016-08-09 10:08:42,ASK,11.95,300
393,2016-08-09 10:08:42,TRADE,11.94,600
394,2016-08-09 10:08:42,TRADE,11.94,200
395,2016-08-09 10:08:42,BID,11.94,12900
396,2016-08-09 10:08:42,TRADE,11.95,100
397,2016-08-09 10:08:42,ASK,11.95,200
398,2016-08-09 10:08:42,TRADE,11.94,300
399,2016-08-09 10:08:42,BID,11.94,12600
400,2016-08-09 10:08:42,BID,11.94,11600
401,2016-08-09 10:08:42,BID,11.94,11500
402,2016-08-09 10:08:42,ASK,11.95,5200
403,2016-08-09 10:08:43,TRADE,11.95,200
404,2016-08-09 10:08:43,TRADE,11.95,300
405,2016-08-09 10:08:43,ASK,11.95,4700
406,2016-08-09 10:08:44,BID,11.94,19500
407,2016-08-09 10:08:44,ASK,11.95,5000
408,2016-08-09 10:08:44,ASK,11.95,5300
409,2016-08-09 10:08:44,ASK,11.95,5700
410,2016-08-09 10:08:44,TRADE,11.94,100
411,2016-08-09 10:08:44,BID,11.94,19400
412,2016-08-09 10:08:44,TRADE,11.95,3000
413,2016-08-09 10:08:44,ASK,11.95,2700
414,2016-08-09 10:08:44,ASK,11.95,2300
415,2016-08-09 10:08:44,TRADE,11.94,700
416,2016-08-09 10:08:44,BID,11.94,18700
417,2016-08-09 10:08:44,ASK,11.95,2700
418,2016-08-09 10:08:44,TRADE,11.95,100
419,2016-08-09 10:08:44,ASK,11.95,2600
420,2016-08-09 10:08:44,TRADE,11.94,200
421,2016-08-09 10:08:44,BID,11.94,18500
422,2016-08-09 10:08:45,TRADE,11.95,100
423,2016-08-09 10:08:45,ASK,11.95,2500
424,2016-08-09 10:08:46,TRADE,11.95,300
425,2016-08-09 10:08:46,ASK,11.95,2200
426,2016-08-09 10:08:46,TRADE,11.95,500
427,2016-08-09 10:08:46,ASK,11.95,1700
428,2016-08-09 10:08:46,ASK,11.95,1000
429,2016-08-09 10:08:46,ASK,11.95,1100
430,2016-08-09 10:08:46,TRADE,11.94,100
431,2016-08-09 10:08:46,BID,11.94,18400
432,2016-08-09 10:08:46,ASK,11.95,4600
433,2016-08-09 10:08:50,TRADE,11.95,300
434,2016-08-09 10:08:50,TRADE,11.95,300
435,2016-08-09 10:08:50,TRADE,11.95,400
436,2016-08-09 10:08:50,TRADE,11.95,100
437,2016-08-09 10:08:50,TRADE,11.95,3500
438,2016-08-09 10:08:50,BID,11.95,25400
439,2016-08-09 10:08:50,ASK,11.96,7500
440,2016-08-09 10:08:50,TRADE,11.95,300
441,2016-08-09 10:08:50,BID,11.95,25100
442,2016-08-09 10:08:50,TRADE,11.95,300
443,2016-08-09 10:08:50,BID,11.95,24800
444,2016-08-09 10:08:50,TRADE,11.95,400
445,2016-08-09 10:08:50,BID,11.95,24400
446,2016-08-09 10:08:50,BID,11.95,29400
447,2016-08-09 10:08:50,BID,11.95,29500
448,2016-08-09 10:08:50,TRADE,11.95,1100
449,2016-08-09 10:08:50,BID,11.95,28400
450,2016-08-09 10:08:51,TRADE,11.95,200
451,2016-08-09 10:08:51,BID,11.95,28200
452,2016-08-09 10:08:51,TRADE,11.95,100
453,2016-08-09 10:08:51,BID,11.95,28100
454,2016-08-09 10:08:51,BID,11.95,29400
455,2016-08-09 10:08:56,TRADE,11.95,2000
456,2016-08-09 10:08:56,BID,11.95,27400
457,2016-08-09 10:08:56,TRADE,11.95,400
458,2016-08-09 10:08:56,BID,11.95,27000
459,2016-08-09 10:08:58,TRADE,11.95,100
460,2016-08-09 10:08:58,BID,11.95,26900
461,2016-08-09 10:08:59,BID,11.95,31200
462,2016-08-09 10:08:59,TRADE,11.96,2500
463,2016-08-09 10:08:59,TRADE,11.96,5000
464,2016-08-09 10:08:59,BID,11.96,100
465,2016-08-09 10:08:59,ASK,11.97,23300
466,2016-08-09 10:08:59,TRADE,11.96,100
467,2016-08-09 10:08:59,BID,11.95,31200
468,2016-08-09 10:08:59,ASK,11.96,300
469,2016-08-09 10:08:59,ASK,11.96,5300
470,2016-08-09 10:08:59,ASK,11.96,5600
471,2016-08-09 10:08:59,ASK,11.96,6000
472,2016-08-09 10:09:00,TRADE,11.95,100
473,2016-08-09 10:09:00,BID,11.95,31100
474,2016-08-09 10:09:00,TRADE,11.96,100
475,2016-08-09 10:09:00,ASK,11.96,5900
476,2016-08-09 10:09:00,TRADE,11.95,100
477,2016-08-09 10:09:00,BID,11.95,31000
478,2016-08-09 10:09:00,TRADE,11.95,100
479,2016-08-09 10:09:00,BID,11.95,30900
480,2016-08-09 10:09:00,TRADE,11.95,100
481,2016-08-09 10:09:00,BID,11.95,30800
482,2016-08-09 10:09:00,TRADE,11.95,100
483,2016-08-09 10:09:00,BID,11.95,30700
484,2016-08-09 10:09:00,TRADE,11.95,100
485,2016-08-09 10:09:00,BID,11.95,30600
486,2016-08-09 10:09:00,TRADE,11.96,200
487,2016-08-09 10:09:00,TRADE,11.96,700
488,2016-08-09 10:09:00,ASK,11.96,5000
489,2016-08-09 10:09:00,ASK,11.96,5300
490,2016-08-09 10:09:00,ASK,11.96,4900
491,2016-08-09 10:09:00,BID,11.95,29300
492,2016-08-09 10:09:00,BID,11.95,30100
493,2016-08-09 10:09:00,TRADE,11.95,1600
494,2016-08-09 10:09:00,BID,11.95,28500
495,2016-08-09 10:09:00,TRADE,11.95,1000
496,2016-08-09 10:09:00,BID,11.95,27500
497,2016-08-09 10:09:01,ASK,11.96,5300
498,2016-08-09 10:09:03,TRADE,11.96,400
499,2016-08-09 10:09:03,ASK,11.96,4900
500,2016-08-09 10:09:03,BID,11.95,26700
501,2016-08-09 10:09:03,BID,11.95,27600
502,2016-08-09 10:09:05,BID,11.95,28600
503,2016-08-09 10:09:08,TRADE,11.96,500
504,2016-08-09 10:09:08,ASK,11.96,4400
505,2016-08-09 10:09:08,TRADE,11.96,100
506,2016-08-09 10:09:08,ASK,11.96,4300
507,2016-08-09 10:09:08,BID,11.95,27700
508,2016-08-09 10:09:09,BID,11.95,28500
509,2016-08-09 10:09:09,TRADE,11.96,3300
510,2016-08-09 10:09:09,TRADE,11.96,300
511,2016-08-09 10:09:09,TRADE,11.96,300
512,2016-08-09 10:09:09,TRADE,11.96,400
513,2016-08-09 10:09:09,ASK,11.97,23500
514,2016-08-09 10:09:09,TRADE,11.97,100
515,2016-08-09 10:09:09,TRADE,11.97,2300
516,2016-08-09 10:09:09,TRADE,11.97,200
517,2016-08-09 10:09:09,TRADE,11.97,4000
518,2016-08-09 10:09:09,TRADE,11.97,3000
519,2016-08-09 10:09:09,TRADE,11.97,5000
520,2016-08-09 10:09:09,TRADE,11.97,1000
521,2016-08-09 10:09:09,TRADE,11.97,100
521,2016-08-09 10:09:09,ASK,11.97,7800
522,2016-08-09 10:09:09,TRADE,11.97,2000
523,2016-08-09 10:09:09,ASK,11.97,5800
524,2016-08-09 10:09:09,ASK,11.96,300
525,2016-08-09 10:09:09,TRADE,11.96,300
526,2016-08-09 10:09:09,BID,11.96,4700
527,2016-08-09 10:09:09,ASK,11.97,5800
528,2016-08-09 10:09:09,ASK,11.97,10800
529,2016-08-09 10:09:09,ASK,11.97,11200
530,2016-08-09 10:09:09,ASK,11.97,11500
531,2016-08-09 10:09:09,BID,11.96,5100
532,2016-08-09 10:09:09,ASK,11.97,6500
533,2016-08-09 10:09:09,BID,11.96,5400
534,2016-08-09 10:09:09,ASK,11.97,6800
535,2016-08-09 10:09:09,ASK,11.97,7300
536,2016-08-09 10:09:09,BID,11.96,10400
537,2016-08-09 10:09:09,TRADE,11.96,100
538,2016-08-09 10:09:09,BID,11.96,10300
539,2016-08-09 10:09:09,TRADE,11.96,900
540,2016-08-09 10:09:09,BID,11.96,9400
541,2016-08-09 10:09:09,BID,11.96,9000
542,2016-08-09 10:09:09,BID,11.96,8700
543,2016-08-09 10:09:09,TRADE,11.96,3700
544,2016-08-09 10:09:09,TRADE,11.96,5000
545,2016-08-09 10:09:09,BID,11.95,32700
546,2016-08-09 10:09:09,BID,11.96,5000
547,2016-08-09 10:09:09,TRADE,11.96,5000
548,2016-08-09 10:09:09,BID,11.95,32700
549,2016-08-09 10:09:09,ASK,11.96,5000
550,2016-08-09 10:09:09,ASK,11.96,5400
551,2016-08-09 10:09:09,BID,11.95,27700
552,2016-08-09 10:09:09,ASK,11.96,5700
553,2016-08-09 10:09:09,ASK,11.96,6000
554,2016-08-09 10:09:09,TRADE,11.95,4600
555,2016-08-09 10:09:09,BID,11.95,23100
556,2016-08-09 10:09:09,TRADE,11.95,300
557,2016-08-09 10:09:09,BID,11.95,22800
558,2016-08-09 10:09:09,TRADE,11.95,500
559,2016-08-09 10:09:09,BID,11.95,22300
560,2016-08-09 10:09:09,TRADE,11.95,100
561,2016-08-09 10:09:09,BID,11.95,22200
562,2016-08-09 10:09:10,TRADE,11.95,7000
563,2016-08-09 10:09:10,BID,11.95,15200
564,2016-08-09 10:09:10,BID,11.95,10200
565,2016-08-09 10:09:10,TRADE,11.95,1600
566,2016-08-09 10:09:10,BID,11.95,8600
567,2016-08-09 10:09:10,TRADE,11.95,1200
568,2016-08-09 10:09:10,BID,11.95,7400
569,2016-08-09 10:09:10,BID,11.95,7800
570,2016-08-09 10:09:10,TRADE,11.95,100
571,2016-08-09 10:09:10,BID,11.95,7700
572,2016-08-09 10:09:10,TRADE,11.96,1200
573,2016-08-09 10:09:10,ASK,11.96,4800
574,2016-08-09 10:09:10,BID,11.95,12700
575,2016-08-09 10:09:10,TRADE,11.95,200
576,2016-08-09 10:09:10,BID,11.95,12500
577,2016-08-09 10:09:10,TRADE,11.95,400
578,2016-08-09 10:09:10,BID,11.95,12100
579,2016-08-09 10:09:10,TRADE,11.95,200
580,2016-08-09 10:09:10,BID,11.95,11900
581,2016-08-09 10:09:10,ASK,11.96,4400
582,2016-08-09 10:09:12,TRADE,11.96,3800
583,2016-08-09 10:09:12,TRADE,11.96,100
584,2016-08-09 10:09:12,ASK,11.96,500
585,2016-08-09 10:09:12,ASK,11.96,200
586,2016-08-09 10:09:12,ASK,11.96,5200
587,2016-08-09 10:09:12,ASK,11.96,5500
588,2016-08-09 10:09:14,ASK,11.96,5700
589,2016-08-09 10:09:16,TRADE,11.96,200
590,2016-08-09 10:09:16,TRADE,11.96,1800
591,2016-08-09 10:09:16,ASK,11.96,3700
592,2016-08-09 10:09:16,ASK,11.96,4000
593,2016-08-09 10:09:16,ASK,11.96,3700
594,2016-08-09 10:09:16,TRADE,11.96,2000
595,2016-08-09 10:09:16,ASK,11.96,1700
596,2016-08-09 10:09:16,ASK,11.96,1400
597,2016-08-09 10:09:16,BID,11.95,16900
598,2016-08-09 10:09:16,ASK,11.96,200
599,2016-08-09 10:09:17,BID,11.95,18900
600,2016-08-09 10:09:18,TRADE,11.96,200
601,2016-08-09 10:09:18,BID,11.96,1800
602,2016-08-09 10:09:18,ASK,11.97,7100
603,2016-08-09 10:09:18,BID,11.96,6800
604,2016-08-09 10:09:18,BID,11.96,7200
605,2016-08-09 10:09:19,TRADE,11.96,100
606,2016-08-09 10:09:19,BID,11.96,7100
607,2016-08-09 10:09:19,TRADE,11.96,100
608,2016-08-09 10:09:19,BID,11.96,7000
609,2016-08-09 10:09:19,TRADE,11.96,1600
610,2016-08-09 10:09:19,TRADE,11.96,5000
611,2016-08-09 10:09:19,TRADE,11.96,400
612,2016-08-09 10:09:19,BID,11.95,18900
613,2016-08-09 10:09:19,BID,11.95,13900
614,2016-08-09 10:09:19,ASK,11.96,300
615,2016-08-09 10:09:19,ASK,11.96,5300
616,2016-08-09 10:09:19,ASK,11.96,5600
617,2016-08-09 10:09:19,TRADE,11.95,100
618,2016-08-09 10:09:19,BID,11.95,13800
619,2016-08-09 10:09:19,TRADE,11.95,100
620,2016-08-09 10:09:19,BID,11.95,13700
621,2016-08-09 10:09:32,TRADE,11.95,900
622,2016-08-09 10:09:32,TRADE,11.95,100
623,2016-08-09 10:09:32,TRADE,11.95,2000
624,2016-08-09 10:09:32,BID,11.95,10700
625,2016-08-09 10:09:32,BID,11.95,12500
626,2016-08-09 10:09:32,BID,11.95,13800
627,2016-08-09 10:09:33,BID,11.95,16800
628,2016-08-09 10:09:34,TRADE,11.95,100
629,2016-08-09 10:09:34,BID,11.95,16700
630,2016-08-09 10:09:34,TRADE,11.95,2200
631,2016-08-09 10:09:34,TRADE,11.95,1000
632,2016-08-09 10:09:34,TRADE,11.95,400
633,2016-08-09 10:09:34,TRADE,11.95,5000
634,2016-08-09 10:09:34,TRADE,11.95,2000
635,2016-08-09 10:09:34,TRADE,11.95,1800
636,2016-08-09 10:09:34,TRADE,11.95,1300
637,2016-08-09 10:09:34,TRADE,11.95,3000
638,2016-08-09 10:09:34,BID,11.94,21500
639,2016-08-09 10:09:34,TRADE,11.94,5000
640,2016-08-09 10:09:34,TRADE,11.94,5000
641,2016-08-09 10:09:34,TRADE,11.94,8000
642,2016-08-09 10:09:34,TRADE,11.94,100
643,2016-08-09 10:09:34,TRADE,11.94,300
644,2016-08-09 10:09:34,TRADE,11.94,100
645,2016-08-09 10:09:34,TRADE,11.94,3000
645,2016-08-09 10:09:34,BID,11.93,41300
646,2016-08-09 10:09:34,ASK,11.94,11800
647,2016-08-09 10:09:34,BID,11.93,41200
648,2016-08-09 10:09:34,BID,11.93,36200
649,2016-08-09 10:09:34,BID,11.93,36700
650,2016-08-09 10:09:34,BID,11.93,37200
651,2016-08-09 10:09:34,BID,11.93,36700
652,2016-08-09 10:09:34,BID,11.93,36200
653,2016-08-09 10:09:34,TRADE,11.94,100
654,2016-08-09 10:09:34,ASK,11.94,11700
655,2016-08-09 10:09:34,TRADE,11.93,4900
656,2016-08-09 10:09:34,TRADE,11.93,500
657,2016-08-09 10:09:34,TRADE,11.93,2400
658,2016-08-09 10:09:34,BID,11.93,28400
659,2016-08-09 10:09:34,ASK,11.94,16700
660,2016-08-09 10:09:34,BID,11.93,33400
661,2016-08-09 10:09:34,TRADE,11.94,100
662,2016-08-09 10:09:34,ASK,11.94,16600
663,2016-08-09 10:09:34,TRADE,11.93,500
664,2016-08-09 10:09:34,BID,11.93,32900
665,2016-08-09 10:09:34,TRADE,11.93,900
666,2016-08-09 10:09:34,BID,11.93,32000
667,2016-08-09 10:09:34,TRADE,11.93,400
668,2016-08-09 10:09:34,BID,11.93,31600
669,2016-08-09 10:09:34,TRADE,11.94,800
670,2016-08-09 10:09:34,ASK,11.94,15800
671,2016-08-09 10:09:36,TRADE,11.94,200
672,2016-08-09 10:09:36,ASK,11.94,15600
673,2016-08-09 10:09:36,ASK,11.94,10600
674,2016-08-09 10:09:37,TRADE,11.94,500
675,2016-08-09 10:09:37,ASK,11.94,10100
676,2016-08-09 10:09:37,TRADE,11.94,10100
677,2016-08-09 10:09:37,ASK,11.94,12500
678,2016-08-09 10:09:37,TRADE,11.94,500
679,2016-08-09 10:09:37,ASK,11.94,12000
680,2016-08-09 10:09:37,TRADE,11.94,400
681,2016-08-09 10:09:37,ASK,11.94,11600
682,2016-08-09 10:09:37,BID,11.93,36600
683,2016-08-09 10:09:37,TRADE,11.93,2500
684,2016-08-09 10:09:37,BID,11.93,34100
685,2016-08-09 10:09:37,TRADE,11.93,100
686,2016-08-09 10:09:37,BID,11.93,34000
687,2016-08-09 10:09:37,TRADE,11.94,500
688,2016-08-09 10:09:37,ASK,11.94,11100
689,2016-08-09 10:09:37,TRADE,11.94,500
690,2016-08-09 10:09:37,ASK,11.94,10600
691,2016-08-09 10:09:37,TRADE,11.94,500
692,2016-08-09 10:09:37,ASK,11.94,10100
693,2016-08-09 10:09:37,TRADE,11.94,500
694,2016-08-09 10:09:37,ASK,11.94,9600
695,2016-08-09 10:09:37,TRADE,11.94,500
696,2016-08-09 10:09:37,ASK,11.94,9100
697,2016-08-09 10:09:37,TRADE,11.94,100
698,2016-08-09 10:09:37,ASK,11.94,9000
699,2016-08-09 10:09:37,TRADE,11.94,500
700,2016-08-09 10:09:37,ASK,11.94,8500
701,2016-08-09 10:09:37,TRADE,11.94,500
702,2016-08-09 10:09:37,ASK,11.94,8000
703,2016-08-09 10:09:37,TRADE,11.94,400
704,2016-08-09 10:09:37,ASK,11.94,7600
705,2016-08-09 10:09:37,TRADE,11.93,100
706,2016-08-09 10:09:37,BID,11.93,33900
707,2016-08-09 10:09:37,TRADE,11.94,200
708,2016-08-09 10:09:37,ASK,11.94,7400
709,2016-08-09 10:09:37,TRADE,11.94,500
710,2016-08-09 10:09:37,ASK,11.94,6900
711,2016-08-09 10:09:37,TRADE,11.94,500
712,2016-08-09 10:09:37,ASK,11.94,6400
713,2016-08-09 10:09:37,TRADE,11.94,500
714,2016-08-09 10:09:37,ASK,11.94,5900
715,2016-08-09 10:09:37,TRADE,11.94,500
716,2016-08-09 10:09:37,ASK,11.94,5400
717,2016-08-09 10:09:37,TRADE,11.94,400
718,2016-08-09 10:09:37,ASK,11.94,5000
719,2016-08-09 10:09:37,TRADE,11.94,500
720,2016-08-09 10:09:37,ASK,11.94,4500
721,2016-08-09 10:09:37,TRADE,11.94,4500
722,2016-08-09 10:09:37,ASK,11.94,12500
723,2016-08-09 10:09:37,TRADE,11.94,300
724,2016-08-09 10:09:37,ASK,11.94,12200
725,2016-08-09 10:09:37,TRADE,11.94,400
726,2016-08-09 10:09:37,ASK,11.94,11800
727,2016-08-09 10:09:37,TRADE,11.94,300
728,2016-08-09 10:09:37,ASK,11.94,11500
729,2016-08-09 10:09:37,TRADE,11.94,500
730,2016-08-09 10:09:37,ASK,11.94,11000
731,2016-08-09 10:09:37,TRADE,11.94,300
732,2016-08-09 10:09:37,ASK,11.94,10700
733,2016-08-09 10:09:37,TRADE,11.94,500
734,2016-08-09 10:09:37,ASK,11.94,10200
735,2016-08-09 10:09:37,TRADE,11.94,500
736,2016-08-09 10:09:37,ASK,11.94,9700
737,2016-08-09 10:09:37,TRADE,11.94,500
738,2016-08-09 10:09:37,ASK,11.94,9200
739,2016-08-09 10:09:37,TRADE,11.94,500
740,2016-08-09 10:09:37,ASK,11.94,8700
741,2016-08-09 10:09:37,TRADE,11.94,500
742,2016-08-09 10:09:37,ASK,11.94,8200
743,2016-08-09 10:09:37,TRADE,11.94,500
744,2016-08-09 10:09:37,ASK,11.94,7700
745,2016-08-09 10:09:37,TRADE,11.93,100
746,2016-08-09 10:09:37,BID,11.93,33800
747,2016-08-09 10:09:37,TRADE,11.94,200
748,2016-08-09 10:09:37,ASK,11.94,7500
749,2016-08-09 10:09:37,TRADE,11.94,500
750,2016-08-09 10:09:37,ASK,11.94,7000
751,2016-08-09 10:09:37,TRADE,11.94,500
752,2016-08-09 10:09:37,ASK,11.94,6500
753,2016-08-09 10:09:37,TRADE,11.94,500
754,2016-08-09 10:09:37,ASK,11.94,6000
755,2016-08-09 10:09:37,TRADE,11.94,500
756,2016-08-09 10:09:37,ASK,11.94,5500
757,2016-08-09 10:09:38,TRADE,11.93,200
758,2016-08-09 10:09:38,BID,11.93,33600
759,2016-08-09 10:09:38,TRADE,11.94,500
760,2016-08-09 10:09:38,ASK,11.94,5000
761,2016-08-09 10:09:38,TRADE,11.94,500
762,2016-08-09 10:09:38,ASK,11.94,4500
763,2016-08-09 10:09:38,TRADE,11.94,4500
764,2016-08-09 10:09:38,ASK,11.94,12500
765,2016-08-09 10:09:38,TRADE,11.94,400
766,2016-08-09 10:09:38,ASK,11.94,12100
767,2016-08-09 10:09:38,TRADE,11.93,300
768,2016-08-09 10:09:38,BID,11.93,33300
769,2016-08-09 10:09:38,TRADE,11.94,500
770,2016-08-09 10:09:38,ASK,11.94,11600
771,2016-08-09 10:09:38,TRADE,11.93,200
772,2016-08-09 10:09:38,BID,11.93,33100
773,2016-08-09 10:09:38,TRADE,11.93,200
774,2016-08-09 10:09:38,BID,11.93,32900
775,2016-08-09 10:09:38,TRADE,11.93,100
776,2016-08-09 10:09:38,BID,11.93,32800
777,2016-08-09 10:09:38,TRADE,11.93,1300
778,2016-08-09 10:09:38,BID,11.93,31500
779,2016-08-09 10:09:38,TRADE,11.93,300
780,2016-08-09 10:09:38,BID,11.93,31200
781,2016-08-09 10:09:38,TRADE,11.93,100
782,2016-08-09 10:09:38,BID,11.93,31100
783,2016-08-09 10:09:38,TRADE,11.93,300
784,2016-08-09 10:09:38,TRADE,11.93,300
785,2016-08-09 10:09:38,TRADE,11.93,700
786,2016-08-09 10:09:38,BID,11.93,29800
787,2016-08-09 10:09:38,TRADE,11.93,200
788,2016-08-09 10:09:38,BID,11.93,29600
789,2016-08-09 10:09:38,TRADE,11.93,500
790,2016-08-09 10:09:38,BID,11.93,29100
791,2016-08-09 10:09:38,TRADE,11.93,900
792,2016-08-09 10:09:38,BID,11.93,28200
793,2016-08-09 10:09:39,TRADE,11.94,5000
794,2016-08-09 10:09:39,ASK,11.94,6600
795,2016-08-09 10:09:39,TRADE,11.94,500
796,2016-08-09 10:09:39,ASK,11.94,6100
797,2016-08-09 10:09:39,TRADE,11.94,500
798,2016-08-09 10:09:39,ASK,11.94,5600
799,2016-08-09 10:09:39,TRADE,11.94,500
800,2016-08-09 10:09:39,ASK,11.94,5100
801,2016-08-09 10:09:39,TRADE,11.94,500
802,2016-08-09 10:09:39,ASK,11.94,4600
803,2016-08-09 10:09:39,TRADE,11.94,500
804,2016-08-09 10:09:39,ASK,11.94,4100
805,2016-08-09 10:09:39,TRADE,11.94,500
806,2016-08-09 10:09:39,ASK,11.94,3600
807,2016-08-09 10:09:39,TRADE,11.94,500
808,2016-08-09 10:09:39,ASK,11.94,3100
809,2016-08-09 10:09:39,TRADE,11.94,500
810,2016-08-09 10:09:39,ASK,11.94,2600
811,2016-08-09 10:09:39,TRADE,11.94,500
812,2016-08-09 10:09:39,ASK,11.94,2100
813,2016-08-09 10:09:39,TRADE,11.94,2100
814,2016-08-09 10:09:39,ASK,11.94,12500
815,2016-08-09 10:09:39,TRADE,11.94,400
816,2016-08-09 10:09:39,ASK,11.94,12100
817,2016-08-09 10:09:39,TRADE,11.94,500
818,2016-08-09 10:09:39,ASK,11.94,11600
819,2016-08-09 10:09:39,TRADE,11.94,500
820,2016-08-09 10:09:39,ASK,11.94,11100
821,2016-08-09 10:09:39,TRADE,11.94,500
822,2016-08-09 10:09:39,ASK,11.94,10600
823,2016-08-09 10:09:39,TRADE,11.94,100
824,2016-08-09 10:09:39,ASK,11.94,10500
825,2016-08-09 10:09:41,BID,11.93,28100
826,2016-08-09 10:09:44,TRADE,11.94,1000
827,2016-08-09 10:09:44,BID,11.93,27100
828,2016-08-09 10:09:44,ASK,11.94,9500
829,2016-08-09 10:09:45,TRADE,11.94,100
830,2016-08-09 10:09:45,ASK,11.94,9400
831,2016-08-09 10:09:46,TRADE,11.93,2700
832,2016-08-09 10:09:46,TRADE,11.93,1500
833,2016-08-09 10:09:46,BID,11.93,22900
834,2016-08-09 10:09:46,ASK,11.94,14400
835,2016-08-09 10:09:46,BID,11.93,17900
836,2016-08-09 10:09:46,TRADE,11.94,2000
837,2016-08-09 10:09:46,ASK,11.94,12400
838,2016-08-09 10:09:47,ASK,11.94,13400
839,2016-08-09 10:09:49,BID,11.93,20100
840,2016-08-09 10:09:50,BID,11.93,20600
841,2016-08-09 10:09:50,TRADE,11.94,2000
842,2016-08-09 10:09:50,ASK,11.94,11400
843,2016-08-09 10:09:50,ASK,11.94,6400
844,2016-08-09 10:09:50,ASK,11.94,6700
845,2016-08-09 10:09:50,ASK,11.94,7000
846,2016-08-09 10:09:51,ASK,11.94,17000
847,2016-08-09 10:09:51,ASK,11.94,22000
848,2016-08-09 10:09:51,TRADE,11.94,1000
849,2016-08-09 10:09:51,ASK,11.94,21000
850,2016-08-09 10:09:53,TRADE,11.94,1000
851,2016-08-09 10:09:53,ASK,11.94,20000
852,2016-08-09 10:09:54,ASK,11.94,19000
853,2016-08-09 10:09:57,ASK,11.94,14000
854,2016-08-09 10:09:58,TRADE,11.94,200
855,2016-08-09 10:09:58,ASK,11.94,13800
856,2016-08-09 10:09:58,ASK,11.94,13500
857,2016-08-09 10:09:59,ASK,11.94,13200
858,2016-08-09 10:10:00,TRADE,11.93,300
859,2016-08-09 10:10:00,BID,11.93,20300
860,2016-08-09 10:10:00,TRADE,11.93,100
861,2016-08-09 10:10:00,BID,11.93,20200
862,2016-08-09 10:10:00,TRADE,11.93,400
863,2016-08-09 10:10:00,BID,11.93,19800
864,2016-08-09 10:10:00,TRADE,11.93,1000
865,2016-08-09 10:10:00,BID,11.93,18800
866,2016-08-09 10:10:00,TRADE,11.94,100
867,2016-08-09 10:10:00,ASK,11.94,13100
868,2016-08-09 10:10:02,TRADE,11.93,1000
869,2016-08-09 10:10:02,BID,11.93,17800
870,2016-08-09 10:10:04,TRADE,11.94,1000
871,2016-08-09 10:10:04,ASK,11.94,12100
872,2016-08-09 10:10:05,TRADE,11.93,7600
873,2016-08-09 10:10:05,TRADE,11.93,400
874,2016-08-09 10:10:05,BID,11.93,9800
875,2016-08-09 10:10:05,ASK,11.94,17100
876,2016-08-09 10:10:06,ASK,11.94,17300
877,2016-08-09 10:10:07,ASK,11.94,27700
878,2016-08-09 10:10:08,TRADE,11.93,100
879,2016-08-09 10:10:08,BID,11.93,9700
880,2016-08-09 10:10:10,TRADE,11.93,2000
881,2016-08-09 10:10:10,TRADE,11.93,5000
882,2016-08-09 10:10:10,TRADE,11.93,2200
883,2016-08-09 10:10:10,TRADE,11.93,500
884,2016-08-09 10:10:10,BID,11.92,119300
885,2016-08-09 10:10:10,TRADE,11.92,300
885,2016-08-09 10:10:10,BID,11.92,119000
886,2016-08-09 10:10:10,TRADE,11.92,3900
887,2016-08-09 10:10:10,BID,11.92,115100
888,2016-08-09 10:10:10,BID,11.93,300
889,2016-08-09 10:10:10,TRADE,11.94,100
890,2016-08-09 10:10:10,ASK,11.94,27600
891,2016-08-09 10:10:10,BID,11.93,5300
892,2016-08-09 10:10:10,BID,11.93,5700
893,2016-08-09 10:10:10,TRADE,11.93,100
894,2016-08-09 10:10:10,BID,11.93,5600
895,2016-08-09 10:10:11,TRADE,11.94,2000
896,2016-08-09 10:10:11,TRADE,11.94,1000
897,2016-08-09 10:10:11,ASK,11.94,37100
898,2016-08-09 10:10:13,TRADE,11.93,200
899,2016-08-09 10:10:13,TRADE,11.93,3800
900,2016-08-09 10:10:13,BID,11.93,1600
901,2016-08-09 10:10:13,BID,11.93,1900
902,2016-08-09 10:10:18,BID,11.93,3900
903,2016-08-09 10:10:19,BID,11.93,5400
904,2016-08-09 10:10:21,TRADE,11.93,1200
905,2016-08-09 10:10:21,TRADE,11.93,400
906,2016-08-09 10:10:21,TRADE,11.93,300
907,2016-08-09 10:10:21,TRADE,11.93,2000
908,2016-08-09 10:10:21,TRADE,11.93,1500
909,2016-08-09 10:10:21,BID,11.92,115000
910,2016-08-09 10:10:21,ASK,11.93,14600
911,2016-08-09 10:10:21,TRADE,11.93,400
912,2016-08-09 10:10:21,ASK,11.93,14200
913,2016-08-09 10:10:21,TRADE,11.93,300
914,2016-08-09 10:10:21,ASK,11.93,13900
915,2016-08-09 10:10:21,BID,11.92,110000
916,2016-08-09 10:10:21,TRADE,11.93,100
917,2016-08-09 10:10:21,ASK,11.93,13800
918,2016-08-09 10:10:22,TRADE,11.93,10200
919,2016-08-09 10:10:22,ASK,11.93,3600
920,2016-08-09 10:10:22,TRADE,11.93,3600
921,2016-08-09 10:10:22,ASK,11.94,42100
922,2016-08-09 10:10:22,ASK,11.94,37100
923,2016-08-09 10:10:22,BID,11.93,300
924,2016-08-09 10:10:22,BID,11.93,700
925,2016-08-09 10:10:22,BID,11.93,5700
926,2016-08-09 10:10:23,TRADE,11.94,3000
927,2016-08-09 10:10:23,ASK,11.94,34100
928,2016-08-09 10:10:26,TRADE,11.94,3000
929,2016-08-09 10:10:26,ASK,11.94,31100
930,2016-08-09 10:10:26,ASK,11.94,26100
931,2016-08-09 10:10:27,BID,11.93,6000
932,2016-08-09 10:10:28,TRADE,11.94,1500
933,2016-08-09 10:10:28,ASK,11.94,24600
934,2016-08-09 10:10:29,BID,11.93,6800
935,2016-08-09 10:10:30,TRADE,11.93,100
936,2016-08-09 10:10:30,BID,11.93,6700
937,2016-08-09 10:10:34,BID,11.93,6800
938,2016-08-09 10:10:34,TRADE,11.94,1000
939,2016-08-09 10:10:34,ASK,11.94,23600
940,2016-08-09 10:10:34,BID,11.93,8800
941,2016-08-09 10:10:34,BID,11.93,11200
942,2016-08-09 10:10:35,TRADE,11.94,500
943,2016-08-09 10:10:35,TRADE,11.94,200
944,2016-08-09 10:10:35,TRADE,11.94,300
945,2016-08-09 10:10:35,ASK,11.94,22600
946,2016-08-09 10:10:36,BID,11.93,12200
947,2016-08-09 10:10:37,BID,11.93,12300
948,2016-08-09 10:10:40,BID,11.93,12600
949,2016-08-09 10:10:43,TRADE,11.94,400
950,2016-08-09 10:10:43,ASK,11.94,22200
951,2016-08-09 10:10:45,TRADE,11.94,600
952,2016-08-09 10:10:45,ASK,11.94,21600
953,2016-08-09 10:10:47,TRADE,11.93,200
954,2016-08-09 10:10:47,TRADE,11.93,400
955,2016-08-09 10:10:47,TRADE,11.93,100
956,2016-08-09 10:10:47,BID,11.93,11900
957,2016-08-09 10:10:47,TRADE,11.94,1000
958,2016-08-09 10:10:47,ASK,11.94,20600
959,2016-08-09 10:10:47,TRADE,11.94,3000
960,2016-08-09 10:10:47,ASK,11.94,17600
961,2016-08-09 10:10:47,BID,11.93,22400
962,2016-08-09 10:10:48,BID,11.93,26400
963,2016-08-09 10:10:49,TRADE,11.94,1500
964,2016-08-09 10:10:49,ASK,11.94,16100
965,2016-08-09 10:10:53,BID,11.93,36400
966,2016-08-09 10:10:53,TRADE,11.94,3600
967,2016-08-09 10:10:53,TRADE,11.94,12500
968,2016-08-09 10:10:53,ASK,11.94,12500
969,2016-08-09 10:10:53,TRADE,11.94,3600
970,2016-08-09 10:10:53,ASK,11.94,8900
971,2016-08-09 10:10:53,TRADE,11.94,4800
972,2016-08-09 10:10:53,ASK,11.94,4100
973,2016-08-09 10:10:53,TRADE,11.94,1700
974,2016-08-09 10:10:53,ASK,11.94,2400
975,2016-08-09 10:10:53,TRADE,11.94,2200
976,2016-08-09 10:10:53,ASK,11.94,200
977,2016-08-09 10:10:53,TRADE,11.94,200
978,2016-08-09 10:10:53,ASK,11.94,12500
979,2016-08-09 10:10:53,TRADE,11.94,2400
980,2016-08-09 10:10:53,ASK,11.94,10100
981,2016-08-09 10:10:53,TRADE,11.94,300
982,2016-08-09 10:10:53,ASK,11.94,9800
983,2016-08-09 10:10:53,TRADE,11.94,300
984,2016-08-09 10:10:53,ASK,11.94,9500
985,2016-08-09 10:10:53,TRADE,11.94,400
986,2016-08-09 10:10:53,ASK,11.94,9100
987,2016-08-09 10:10:53,TRADE,11.94,7900
988,2016-08-09 10:10:53,ASK,11.94,1200
989,2016-08-09 10:10:53,TRADE,11.94,1200
990,2016-08-09 10:10:53,ASK,11.94,12500
991,2016-08-09 10:10:53,TRADE,11.94,1200
992,2016-08-09 10:10:53,ASK,11.94,11300
993,2016-08-09 10:10:53,TRADE,11.94,300
994,2016-08-09 10:10:53,ASK,11.94,11000
995,2016-08-09 10:10:53,TRADE,11.94,300
996,2016-08-09 10:10:53,ASK,11.94,10700
997,2016-08-09 10:10:53,TRADE,11.94,1200
998,2016-08-09 10:10:53,ASK,11.94,9500
999,2016-08-09 10:10:53,TRADE,11.94,400
1000,2016-08-09 10:10:53,ASK,11.94,9100
1001,2016-08-09 10:10:53,BID,11.93,41400
1002,2016-08-09 10:10:53,TRADE,11.94,9100
1003,2016-08-09 10:10:53,ASK,11.94,12500
1004,2016-08-09 10:10:53,TRADE,11.94,300
1005,2016-08-09 10:10:53,ASK,11.94,12200
1006,2016-08-09 10:10:53,TRADE,11.94,300
1007,2016-08-09 10:10:53,ASK,11.94,11900
1008,2016-08-09 10:10:53,TRADE,11.94,400
1009,2016-08-09 10:10:53,ASK,11.94,11500
1010,2016-08-09 10:10:53,TRADE,11.94,300
1011,2016-08-09 10:10:53,ASK,11.94,11200
1012,2016-08-09 10:10:53,ASK,11.94,11400
1013,2016-08-09 10:10:55,TRADE,11.94,11200
1014,2016-08-09 10:10:55,TRADE,11.94,200
1015,2016-08-09 10:10:55,ASK,11.94,12500
1016,2016-08-09 10:10:55,TRADE,11.94,300
1017,2016-08-09 10:10:55,ASK,11.94,12200
1018,2016-08-09 10:10:55,TRADE,11.94,300
1019,2016-08-09 10:10:55,ASK,11.94,11900
1020,2016-08-09 10:10:55,TRADE,11.94,300
1021,2016-08-09 10:10:55,ASK,11.94,11600
1022,2016-08-09 10:10:55,TRADE,11.94,5100
1023,2016-08-09 10:10:55,ASK,11.94,6500
1024,2016-08-09 10:10:55,TRADE,11.94,6500
1025,2016-08-09 10:10:55,ASK,11.94,12500
1026,2016-08-09 10:10:55,TRADE,11.94,600
1027,2016-08-09 10:10:55,ASK,11.94,11900
1028,2016-08-09 10:10:55,TRADE,11.94,300
1029,2016-08-09 10:10:55,ASK,11.94,11600
1030,2016-08-09 10:10:55,TRADE,11.94,800
1031,2016-08-09 10:10:55,ASK,11.94,10800
1032,2016-08-09 10:10:55,TRADE,11.94,300
1033,2016-08-09 10:10:55,ASK,11.94,10500
1034,2016-08-09 10:10:55,TRADE,11.94,7900
1035,2016-08-09 10:10:55,ASK,11.94,2600
1036,2016-08-09 10:10:55,TRADE,11.94,2600
1037,2016-08-09 10:10:55,ASK,11.94,12500
1038,2016-08-09 10:10:55,TRADE,11.94,300
1039,2016-08-09 10:10:55,ASK,11.94,12200
1040,2016-08-09 10:10:55,TRADE,11.94,300
1041,2016-08-09 10:10:55,ASK,11.94,11900
1042,2016-08-09 10:10:55,TRADE,11.94,2900
1043,2016-08-09 10:10:55,ASK,11.94,9000
1044,2016-08-09 10:10:55,TRADE,11.94,300
1045,2016-08-09 10:10:55,ASK,11.94,8700
1046,2016-08-09 10:10:55,TRADE,11.94,8700
1047,2016-08-09 10:10:55,ASK,11.95,7000
1048,2016-08-09 10:10:55,BID,11.94,300
1049,2016-08-09 10:10:55,BID,11.94,5300
1050,2016-08-09 10:10:55,ASK,11.95,6600
1051,2016-08-09 10:10:55,BID,11.94,5800
1052,2016-08-09 10:10:55,ASK,11.95,6800
1053,2016-08-09 10:10:56,ASK,11.95,7200
1054,2016-08-09 10:10:56,BID,11.94,6400
1055,2016-08-09 10:10:57,TRADE,11.95,1000
1056,2016-08-09 10:10:57,ASK,11.95,6200
1057,2016-08-09 10:10:57,TRADE,11.95,1000
1058,2016-08-09 10:10:57,ASK,11.95,5200
1059,2016-08-09 10:10:57,ASK,11.95,4800
1060,2016-08-09 10:10:58,ASK,11.95,5200
1061,2016-08-09 10:11:00,BID,11.94,9400
1062,2016-08-09 10:11:02,ASK,11.95,5000
1063,2016-08-09 10:11:03,BID,11.94,9500
1064,2016-08-09 10:11:03,BID,11.94,9800
1065,2016-08-09 10:11:03,BID,11.94,18000
1066,2016-08-09 10:11:08,TRADE,11.95,3000
1067,2016-08-09 10:11:08,ASK,11.95,2000
1068,2016-08-09 10:11:08,ASK,11.95,7000
1069,2016-08-09 10:11:08,TRADE,11.95,300
1070,2016-08-09 10:11:08,TRADE,11.95,300
1071,2016-08-09 10:11:08,TRADE,11.95,1000
1072,2016-08-09 10:11:08,TRADE,11.95,400
1073,2016-08-09 10:11:08,TRADE,11.95,3000
1074,2016-08-09 10:11:08,ASK,11.95,2000
1075,2016-08-09 10:11:08,ASK,11.95,2300
1076,2016-08-09 10:11:08,ASK,11.95,2600
1077,2016-08-09 10:11:08,ASK,11.95,3000
1078,2016-08-09 10:11:08,ASK,11.95,1000
1079,2016-08-09 10:11:08,ASK,11.95,700
1080,2016-08-09 10:11:08,BID,11.94,23000
1081,2016-08-09 10:11:08,ASK,11.95,1000
1082,2016-08-09 10:11:09,ASK,11.95,6000
1083,2016-08-09 10:11:09,TRADE,11.94,300
1084,2016-08-09 10:11:09,TRADE,11.94,3700
1085,2016-08-09 10:11:09,BID,11.94,19000
1086,2016-08-09 10:11:09,BID,11.94,14000
1087,2016-08-09 10:11:10,TRADE,11.95,300
1088,2016-08-09 10:11:10,TRADE,11.95,400
1089,2016-08-09 10:11:10,TRADE,11.95,300
1090,2016-08-09 10:11:10,TRADE,11.95,1500
1091,2016-08-09 10:11:10,ASK,11.95,3500
1092,2016-08-09 10:11:10,ASK,11.95,3800
1093,2016-08-09 10:11:10,ASK,11.95,4200
1094,2016-08-09 10:11:10,ASK,11.95,4500
1095,2016-08-09 10:11:10,TRADE,11.95,3500
1096,2016-08-09 10:11:10,ASK,11.95,1000
1097,2016-08-09 10:11:10,ASK,11.95,6000
1098,2016-08-09 10:11:10,TRADE,11.95,300
1099,2016-08-09 10:11:10,TRADE,11.95,400
1100,2016-08-09 10:11:10,TRADE,11.95,300
1101,2016-08-09 10:11:10,TRADE,11.95,5000
1102,2016-08-09 10:11:10,BID,11.95,4500
1103,2016-08-09 10:11:10,ASK,11.96,23700
1104,2016-08-09 10:11:10,TRADE,11.95,300
1105,2016-08-09 10:11:10,BID,11.95,4200
1106,2016-08-09 10:11:10,TRADE,11.95,300
1107,2016-08-09 10:11:10,BID,11.95,3900
1108,2016-08-09 10:11:10,TRADE,11.95,400
1109,2016-08-09 10:11:10,BID,11.95,3500
1110,2016-08-09 10:11:10,TRADE,11.95,3500
1111,2016-08-09 10:11:10,BID,11.94,14000
1112,2016-08-09 10:11:10,ASK,11.96,18700
1113,2016-08-09 10:11:10,ASK,11.95,300
1114,2016-08-09 10:11:10,ASK,11.95,600
1115,2016-08-09 10:11:10,ASK,11.95,1000
1116,2016-08-09 10:11:10,ASK,11.95,6000
1117,2016-08-09 10:11:10,TRADE,11.95,300
1118,2016-08-09 10:11:10,TRADE,11.95,300
1119,2016-08-09 10:11:10,TRADE,11.95,400
1120,2016-08-09 10:11:10,TRADE,11.95,500
1121,2016-08-09 10:11:10,ASK,11.95,4500
1122,2016-08-09 10:11:10,ASK,11.95,4800
1123,2016-08-09 10:11:10,ASK,11.95,5100
1124,2016-08-09 10:11:10,ASK,11.95,5500
1125,2016-08-09 10:11:10,TRADE,11.95,4500
1126,2016-08-09 10:11:10,ASK,11.95,1000
1127,2016-08-09 10:11:10,ASK,11.95,6000
1128,2016-08-09 10:11:10,BID,11.94,19000
1129,2016-08-09 10:11:10,TRADE,11.95,300
1130,2016-08-09 10:11:10,TRADE,11.95,300
1131,2016-08-09 10:11:10,TRADE,11.95,400
1132,2016-08-09 10:11:10,TRADE,11.95,4300
1133,2016-08-09 10:11:10,ASK,11.95,700
1134,2016-08-09 10:11:10,ASK,11.95,1000
1135,2016-08-09 10:11:10,ASK,11.95,300
1136,2016-08-09 10:11:10,TRADE,11.95,300
1137,2016-08-09 10:11:10,ASK,11.96,18700
1138,2016-08-09 10:11:10,TRADE,11.96,300
1139,2016-08-09 10:11:10,TRADE,11.96,100
1139,2016-08-09 10:11:10,ASK,11.96,18300
1140,2016-08-09 10:11:10,TRADE,11.94,100
1141,2016-08-09 10:11:10,BID,11.94,18900
1142,2016-08-09 10:11:13,ASK,11.96,18100
1143,2016-08-09 10:11:15,BID,11.94,18600
1144,2016-08-09 10:11:15,TRADE,11.96,4900
1145,2016-08-09 10:11:15,TRADE,11.96,300
1146,2016-08-09 10:11:15,TRADE,11.96,400
1147,2016-08-09 10:11:15,TRADE,11.96,1000
1148,2016-08-09 10:11:15,TRADE,11.96,6800
1149,2016-08-09 10:11:15,ASK,11.96,4700
1150,2016-08-09 10:11:15,ASK,11.96,2800
1151,2016-08-09 10:11:15,ASK,11.96,7800
1152,2016-08-09 10:11:15,ASK,11.96,8100
1153,2016-08-09 10:11:15,ASK,11.96,8500
1154,2016-08-09 10:11:15,BID,11.95,400
1155,2016-08-09 10:11:15,ASK,11.96,8800
1156,2016-08-09 10:11:15,BID,11.95,5400
1157,2016-08-09 10:11:15,BID,11.95,5700
1158,2016-08-09 10:11:15,BID,11.95,6000
1159,2016-08-09 10:11:15,BID,11.95,11000
1160,2016-08-09 10:11:15,BID,11.95,10600
1161,2016-08-09 10:11:15,BID,11.95,10300
1162,2016-08-09 10:11:15,BID,11.95,10000
1163,2016-08-09 10:11:15,TRADE,11.95,5000
1164,2016-08-09 10:11:15,TRADE,11.95,5000
1165,2016-08-09 10:11:15,BID,11.94,18700
1166,2016-08-09 10:11:15,BID,11.94,18600
1167,2016-08-09 10:11:15,BID,11.94,13600
1168,2016-08-09 10:11:15,ASK,11.95,400
1169,2016-08-09 10:11:15,ASK,11.95,5400
1170,2016-08-09 10:11:15,ASK,11.95,5700
1171,2016-08-09 10:11:15,TRADE,11.95,400
1172,2016-08-09 10:11:15,ASK,11.95,5300
1173,2016-08-09 10:11:15,ASK,11.95,5700
1174,2016-08-09 10:11:15,TRADE,11.95,5000
1175,2016-08-09 10:11:15,TRADE,11.95,300
1176,2016-08-09 10:11:15,TRADE,11.95,400
1177,2016-08-09 10:11:15,ASK,11.96,11200
1178,2016-08-09 10:11:15,ASK,11.95,300
1179,2016-08-09 10:11:15,ASK,11.96,11200
1180,2016-08-09 10:11:15,TRADE,11.94,100
1181,2016-08-09 10:11:15,BID,11.94,13500
1182,2016-08-09 10:11:15,ASK,11.95,300
1183,2016-08-09 10:11:15,BID,11.94,13600
1184,2016-08-09 10:11:15,TRADE,11.95,300
1185,2016-08-09 10:11:15,ASK,11.96,11200
1186,2016-08-09 10:11:15,ASK,11.95,300
1187,2016-08-09 10:11:15,TRADE,11.95,300
1188,2016-08-09 10:11:15,ASK,11.96,11200
1189,2016-08-09 10:11:15,ASK,11.95,300
1190,2016-08-09 10:11:15,TRADE,11.95,300
1191,2016-08-09 10:11:15,ASK,11.96,11200
1192,2016-08-09 10:11:15,ASK,11.95,300
1193,2016-08-09 10:11:15,TRADE,11.95,300
1194,2016-08-09 10:11:15,ASK,11.96,11200
1195,2016-08-09 10:11:15,ASK,11.95,300
1196,2016-08-09 10:11:15,TRADE,11.95,300
1197,2016-08-09 10:11:15,ASK,11.96,11200
1198,2016-08-09 10:11:15,ASK,11.96,10900
1199,2016-08-09 10:11:16,TRADE,11.96,700
1200,2016-08-09 10:11:16,ASK,11.96,10200
1201,2016-08-09 10:11:17,BID,11.94,13900
1202,2016-08-09 10:11:18,ASK,11.96,12200
1203,2016-08-09 10:11:18,ASK,11.96,17200
1204,2016-08-09 10:11:21,ASK,11.95,25000
1205,2016-08-09 10:11:21,ASK,11.95,29000
1206,2016-08-09 10:11:21,TRADE,11.95,7800
1207,2016-08-09 10:11:21,ASK,11.95,21200
1208,2016-08-09 10:11:21,ASK,11.95,17200
1209,2016-08-09 10:11:21,TRADE,11.95,6500
1210,2016-08-09 10:11:21,ASK,11.95,10700
1211,2016-08-09 10:11:21,BID,11.94,18900
1212,2016-08-09 10:11:21,TRADE,11.95,4200
1213,2016-08-09 10:11:21,ASK,11.95,6500
1214,2016-08-09 10:11:21,TRADE,11.95,1100
1215,2016-08-09 10:11:21,ASK,11.95,5400
1216,2016-08-09 10:11:21,TRADE,11.95,3500
1217,2016-08-09 10:11:21,ASK,11.95,1900
1218,2016-08-09 10:11:21,TRADE,11.95,300
1219,2016-08-09 10:11:21,ASK,11.95,1600
1220,2016-08-09 10:11:21,TRADE,11.95,1600
1221,2016-08-09 10:11:21,ASK,11.96,9800
1222,2016-08-09 10:11:25,ASK,11.95,5000
1223,2016-08-09 10:11:25,BID,11.94,13900
1224,2016-08-09 10:11:25,ASK,11.95,5400
1225,2016-08-09 10:11:25,TRADE,11.95,5000
1226,2016-08-09 10:11:25,ASK,11.95,400
1227,2016-08-09 10:11:25,ASK,11.96,9800
1228,2016-08-09 10:11:25,ASK,11.96,12600
1229,2016-08-09 10:11:31,ASK,11.96,16600
1230,2016-08-09 10:11:31,ASK,11.96,21600
1231,2016-08-09 10:11:36,BID,11.95,700
1232,2016-08-09 10:11:36,TRADE,11.95,700
1233,2016-08-09 10:11:36,BID,11.94,13900
1234,2016-08-09 10:11:36,TRADE,11.94,100
1235,2016-08-09 10:11:36,BID,11.94,13800
1236,2016-08-09 10:11:37,BID,11.95,5000
1237,2016-08-09 10:11:37,TRADE,11.95,5000
1238,2016-08-09 10:11:37,BID,11.94,13800
1239,2016-08-09 10:11:37,TRADE,11.94,100
1240,2016-08-09 10:11:37,BID,11.94,13700
1241,2016-08-09 10:11:37,BID,11.95,100
1242,2016-08-09 10:11:37,TRADE,11.95,100
1243,2016-08-09 10:11:37,BID,11.94,13600
1244,2016-08-09 10:11:37,TRADE,11.94,100
1245,2016-08-09 10:11:37,BID,11.94,13500
1246,2016-08-09 10:11:38,BID,11.94,14500
1247,2016-08-09 10:11:41,TRADE,11.94,800
1248,2016-08-09 10:11:41,TRADE,11.94,500
1249,2016-08-09 10:11:41,TRADE,11.94,600
1250,2016-08-09 10:11:41,TRADE,11.94,3000
1251,2016-08-09 10:11:41,TRADE,11.94,100
1252,2016-08-09 10:11:41,TRADE,11.94,5000
1253,2016-08-09 10:11:41,BID,11.94,4500
1254,2016-08-09 10:11:41,BID,11.94,9500
1255,2016-08-09 10:11:41,BID,11.94,9800
1256,2016-08-09 10:11:41,TRADE,11.94,3200
1257,2016-08-09 10:11:41,TRADE,11.94,300
1258,2016-08-09 10:11:41,TRADE,11.94,1000
1259,2016-08-09 10:11:41,BID,11.94,5300
1260,2016-08-09 10:11:41,BID,11.94,5700
1261,2016-08-09 10:11:41,BID,11.94,5400
1262,2016-08-09 10:11:41,BID,11.94,5000
1263,2016-08-09 10:11:41,TRADE,11.94,5000
1264,2016-08-09 10:11:41,BID,11.93,41700
1265,2016-08-09 10:11:41,BID,11.93,41600
1266,2016-08-09 10:11:41,BID,11.93,36600
1267,2016-08-09 10:11:41,ASK,11.96,26600
1268,2016-08-09 10:11:41,ASK,11.95,15000
1269,2016-08-09 10:11:41,ASK,11.95,20000
1270,2016-08-09 10:11:41,ASK,11.95,25000
1271,2016-08-09 10:11:44,BID,11.93,36300
1272,2016-08-09 10:11:45,TRADE,11.95,1700
1273,2016-08-09 10:11:45,ASK,11.95,23300
1274,2016-08-09 10:11:45,ASK,11.95,18300
1275,2016-08-09 10:11:45,BID,11.93,38800
1276,2016-08-09 10:11:46,BID,11.93,43800
1277,2016-08-09 10:11:46,TRADE,11.95,2500
1278,2016-08-09 10:11:46,ASK,11.95,15800
1279,2016-08-09 10:11:48,TRADE,11.95,1300
1280,2016-08-09 10:11:48,ASK,11.95,14500
1281,2016-08-09 10:11:49,TRADE,11.95,2000
1282,2016-08-09 10:11:49,ASK,11.95,12500
1283,2016-08-09 10:11:51,BID,11.94,2000
1284,2016-08-09 10:11:51,BID,11.94,2300
1285,2016-08-09 10:11:51,BID,11.94,7300
1286,2016-08-09 10:11:51,BID,11.94,7700
1287,2016-08-09 10:11:51,TRADE,11.95,2200
1288,2016-08-09 10:11:51,ASK,11.95,10300
1289,2016-08-09 10:11:51,BID,11.94,7400
1290,2016-08-09 10:11:51,BID,11.94,7000
1291,2016-08-09 10:11:51,TRADE,11.94,2000
1292,2016-08-09 10:11:51,TRADE,11.94,5000
1293,2016-08-09 10:11:51,BID,11.93,43900
1294,2016-08-09 10:11:51,BID,11.93,43800
1295,2016-08-09 10:11:51,BID,11.93,38800
1296,2016-08-09 10:11:51,ASK,11.95,15300
1297,2016-08-09 10:11:53,BID,11.94,10000
1298,2016-08-09 10:11:53,BID,11.94,15000
1299,2016-08-09 10:11:53,ASK,11.95,10300
1300,2016-08-09 10:11:53,TRADE,11.95,1200
1301,2016-08-09 10:11:53,ASK,11.95,9100
1302,2016-08-09 10:11:54,ASK,11.95,11100
1303,2016-08-09 10:11:54,TRADE,11.94,10000
1304,2016-08-09 10:11:54,TRADE,11.94,5000
1305,2016-08-09 10:11:54,BID,11.93,43900
1306,2016-08-09 10:11:54,BID,11.93,38900
1307,2016-08-09 10:11:54,BID,11.93,38800
1308,2016-08-09 10:11:54,ASK,11.95,16100
1309,2016-08-09 10:11:58,TRADE,11.95,700
1310,2016-08-09 10:11:58,ASK,11.95,15400
1311,2016-08-09 10:11:58,ASK,11.95,10400
1312,2016-08-09 10:11:58,BID,11.93,43800
1313,2016-08-09 10:12:00,BID,11.93,44100
1314,2016-08-09 10:12:03,TRADE,11.95,3400
1315,2016-08-09 10:12:03,TRADE,11.95,3600
1316,2016-08-09 10:12:03,ASK,11.95,3400
1317,2016-08-09 10:12:03,ASK,11.95,3700
1318,2016-08-09 10:12:03,ASK,11.95,4100
1319,2016-08-09 10:12:05,TRADE,11.95,1400
1320,2016-08-09 10:12:05,TRADE,11.95,2000
1321,2016-08-09 10:12:05,TRADE,11.95,300
1322,2016-08-09 10:12:05,TRADE,11.95,400
1323,2016-08-09 10:12:05,ASK,11.96,29000
1324,2016-08-09 10:12:05,ASK,11.95,300
1325,2016-08-09 10:12:05,ASK,11.95,5300
1326,2016-08-09 10:12:05,ASK,11.95,5700
1327,2016-08-09 10:12:09,TRADE,11.95,300
1328,2016-08-09 10:12:09,TRADE,11.95,4700
1329,2016-08-09 10:12:09,ASK,11.95,700
1330,2016-08-09 10:12:09,ASK,11.95,1000
1331,2016-08-09 10:12:09,TRADE,11.95,300
1332,2016-08-09 10:12:09,TRADE,11.95,400
1333,2016-08-09 10:12:09,TRADE,11.95,300
1334,2016-08-09 10:12:09,ASK,11.96,26800
1335,2016-08-09 10:12:09,ASK,11.95,400
1336,2016-08-09 10:12:09,ASK,11.95,700
1337,2016-08-09 10:12:09,ASK,11.95,5700
1338,2016-08-09 10:12:11,TRADE,11.95,400
1339,2016-08-09 10:12:11,TRADE,11.95,300
1340,2016-08-09 10:12:11,TRADE,11.95,300
1341,2016-08-09 10:12:11,ASK,11.95,4700
1342,2016-08-09 10:12:11,ASK,11.95,5100
1343,2016-08-09 10:12:11,ASK,11.95,5400
1344,2016-08-09 10:12:11,BID,11.94,100
1345,2016-08-09 10:12:11,BID,11.94,5100
1346,2016-08-09 10:12:11,BID,11.94,5400
1347,2016-08-09 10:12:11,BID,11.94,5800
1348,2016-08-09 10:12:11,BID,11.94,5500
1349,2016-08-09 10:12:11,BID,11.94,5100
1350,2016-08-09 10:12:11,TRADE,11.94,100
1351,2016-08-09 10:12:11,TRADE,11.94,5000
1352,2016-08-09 10:12:11,BID,11.93,44200
1353,2016-08-09 10:12:11,BID,11.93,44100
1354,2016-08-09 10:12:11,TRADE,11.95,100
1355,2016-08-09 10:12:11,ASK,11.95,5300
1356,2016-08-09 10:12:13,TRADE,11.95,4000
1357,2016-08-09 10:12:13,ASK,11.95,1300
1358,2016-08-09 10:12:19,TRADE,11.95,500
1359,2016-08-09 10:12:19,ASK,11.95,800
1360,2016-08-09 10:12:25,BID,11.93,41700
1361,2016-08-09 10:12:27,TRADE,11.95,100
1362,2016-08-09 10:12:27,TRADE,11.95,400
1363,2016-08-09 10:12:27,TRADE,11.95,300
1364,2016-08-09 10:12:27,BID,11.95,2200
1365,2016-08-09 10:12:27,ASK,11.96,26800
1366,2016-08-09 10:12:27,TRADE,11.95,400
1367,2016-08-09 10:12:27,BID,11.95,1800
1368,2016-08-09 10:12:27,TRADE,11.95,1800
1369,2016-08-09 10:12:27,BID,11.94,5000
1370,2016-08-09 10:12:27,BID,11.94,5300
1372,2016-08-09 10:12:27,BID,11.94,5700
1373,2016-08-09 10:12:27,BID,11.94,6000
1375,2016-08-09 10:12:27,TRADE,11.94,100
1376,2016-08-09 10:12:27,BID,11.94,5900
1377,2016-08-09 10:12:29,TRADE,11.96,100
1378,2016-08-09 10:12:29,ASK,11.96,26700
1379,2016-08-09 10:12:29,BID,11.94,6200
1380,2016-08-09 10:12:30,ASK,11.96,26500
1381,2016-08-09 10:12:33,TRADE,11.96,1000
1382,2016-08-09 10:12:33,TRADE,11.96,1000
1383,2016-08-09 10:12:33,TRADE,11.96,5000
1384,2016-08-09 10:12:33,TRADE,11.96,400
1385,2016-08-09 10:12:33,TRADE,11.96,300
1386,2016-08-09 10:12:33,TRADE,11.96,2000
1387,2016-08-09 10:12:33,TRADE,11.96,2800
1388,2016-08-09 10:12:33,TRADE,11.96,4000
1389,2016-08-09 10:12:33,TRADE,11.96,3500
1390,2016-08-09 10:12:33,ASK,11.96,6500
1391,2016-08-09 10:12:33,ASK,11.96,11500
1392,2016-08-09 10:12:33,ASK,11.96,11800
1393,2016-08-09 10:12:33,ASK,11.96,6800
1394,2016-08-09 10:12:33,BID,11.94,11200
1395,2016-08-09 10:12:33,BID,11.94,12700
1396,2016-08-09 10:12:36,BID,11.95,300
1397,2016-08-09 10:12:36,BID,11.95,5300
1401,2016-08-09 10:12:36,TRADE,11.95,100
1402,2016-08-09 10:12:36,BID,11.95,5200
1403,2016-08-09 10:12:36,TRADE,11.95,100
1404,2016-08-09 10:12:36,BID,11.95,5100
1405,2016-08-09 10:12:36,TRADE,11.95,100
1406,2016-08-09 10:12:36,BID,11.95,5000
1407,2016-08-09 10:12:36,BID,11.94,12800
1409,2016-08-09 10:12:36,BID,11.94,12700
1410,2016-08-09 10:12:36,TRADE,11.94,100
1411,2016-08-09 10:12:36,BID,11.94,12600
1412,2016-08-09 10:12:37,TRADE,11.96,100
1413,2016-08-09 10:12:37,ASK,11.96,6700
1414,2016-08-09 10:12:39,ASK,11.96,31700
1415,2016-08-09 10:12:39,ASK,11.95,5000
1416,2016-08-09 10:12:39,BID,11.94,7600
1417,2016-08-09 10:12:39,ASK,11.95,5300
1418,2016-08-09 10:12:39,TRADE,11.95,5000
1419,2016-08-09 10:12:39,TRADE,11.95,300
1420,2016-08-09 10:12:39,ASK,11.96,34300
1421,2016-08-09 10:12:39,TRADE,11.94,100
1422,2016-08-09 10:12:39,BID,11.94,7500
1423,2016-08-09 10:12:39,TRADE,11.94,100
1424,2016-08-09 10:12:39,BID,11.94,7400
1425,2016-08-09 10:12:39,ASK,11.96,39300
1426,2016-08-09 10:12:39,ASK,11.95,5000
1427,2016-08-09 10:12:39,ASK,11.95,5300
1428,2016-08-09 10:12:39,TRADE,11.95,2700
1429,2016-08-09 10:12:39,ASK,11.95,2600
1430,2016-08-09 10:12:39,ASK,11.95,300
1431,2016-08-09 10:12:42,ASK,11.95,800
1432,2016-08-09 10:12:42,ASK,11.95,300
1433,2016-08-09 10:12:42,ASK,11.95,500
1434,2016-08-09 10:12:44,BID,11.94,5900
1435,2016-08-09 10:12:45,ASK,11.95,3600
1436,2016-08-09 10:12:47,TRADE,11.95,100
1437,2016-08-09 10:12:47,ASK,11.95,3500
1438,2016-08-09 10:12:52,TRADE,11.95,100
1439,2016-08-09 10:12:52,ASK,11.95,3400
1440,2016-08-09 10:12:53,TRADE,11.95,100
1441,2016-08-09 10:12:53,TRADE,11.95,200
1442,2016-08-09 10:12:53,TRADE,11.95,3100
1443,2016-08-09 10:12:53,ASK,11.96,39300
1444,2016-08-09 10:12:53,TRADE,11.96,1400
1445,2016-08-09 10:12:53,TRADE,11.96,5000
1446,2016-08-09 10:12:53,TRADE,11.96,200
1446,2016-08-09 10:12:53,ASK,11.96,32700
1447,2016-08-09 10:12:53,ASK,11.95,300
1448,2016-08-09 10:12:53,ASK,11.96,32700
1449,2016-08-09 10:12:53,BID,11.94,10900
1450,2016-08-09 10:12:53,BID,11.95,1100
1451,2016-08-09 10:12:53,BID,11.95,6100
1453,2016-08-09 10:12:53,ASK,11.96,30100
1454,2016-08-09 10:12:53,BID,11.95,7300
1455,2016-08-09 10:12:54,ASK,11.96,35100
1456,2016-08-09 10:12:56,ASK,11.96,35400
1457,2016-08-09 10:12:57,ASK,11.96,35800
1458,2016-08-09 10:12:57,BID,11.95,7600
1459,2016-08-09 10:12:57,TRADE,11.96,100
1460,2016-08-09 10:12:57,ASK,11.96,35700
1461,2016-08-09 10:13:03,TRADE,11.96,100
1462,2016-08-09 10:13:03,ASK,11.96,35600
1463,2016-08-09 10:13:04,ASK,11.96,37600
1464,2016-08-09 10:13:06,TRADE,11.95,1100
1465,2016-08-09 10:13:06,TRADE,11.95,5000
1466,2016-08-09 10:13:06,TRADE,11.95,1200
1467,2016-08-09 10:13:06,TRADE,11.95,300
1468,2016-08-09 10:13:06,BID,11.94,12300
1469,2016-08-09 10:13:06,ASK,11.95,2400
1470,2016-08-09 10:13:06,BID,11.94,12200
1471,2016-08-09 10:13:06,BID,11.94,7200
1473,2016-08-09 10:13:06,BID,11.94,7100
1474,2016-08-09 10:13:06,BID,11.94,7200
1475,2016-08-09 10:13:06,BID,11.94,7300
1476,2016-08-09 10:13:07,BID,11.94,8600
1477,2016-08-09 10:13:08,TRADE,11.94,500
1478,2016-08-09 10:13:08,BID,11.94,8100
1479,2016-08-09 10:13:09,BID,11.94,8000
1480,2016-08-09 10:13:10,TRADE,11.95,2400
1481,2016-08-09 10:13:10,ASK,11.96,37600
1482,2016-08-09 10:13:10,TRADE,11.96,5600
1482,2016-08-09 10:13:10,ASK,11.96,32000
1483,2016-08-09 10:13:10,ASK,11.95,400
1484,2016-08-09 10:13:10,BID,11.94,13000
1485,2016-08-09 10:13:12,BID,11.94,15200
1486,2016-08-09 10:13:15,TRADE,11.95,400
1487,2016-08-09 10:13:15,BID,11.95,100
1488,2016-08-09 10:13:15,ASK,11.96,31600
1489,2016-08-09 10:13:15,BID,11.95,5100
1491,2016-08-09 10:13:15,BID,11.95,5200
1492,2016-08-09 10:13:16,ASK,11.96,40100
1493,2016-08-09 10:13:17,ASK,11.96,52100
1494,2016-08-09 10:13:17,BID,11.95,200
1495,2016-08-09 10:13:17,ASK,11.96,62100
1496,2016-08-09 10:13:19,TRADE,11.95,100
1497,2016-08-09 10:13:19,TRADE,11.95,100
1498,2016-08-09 10:13:19,BID,11.94,7900
1500,2016-08-09 10:13:20,BID,11.94,8000
1501,2016-08-09 10:13:20,TRADE,11.96,10000
1502,2016-08-09 10:13:20,ASK,11.96,52100
1503,2016-08-09 10:13:20,ASK,11.96,47100
1504,2016-08-09 10:13:20,BID,11.94,13000
1505,2016-08-09 10:13:22,ASK,11.96,55100
1506,2016-08-09 10:13:22,BID,11.94,8000
1507,2016-08-09 10:13:22,ASK,11.96,60100
1508,2016-08-09 10:13:23,BID,11.94,7900
1509,2016-08-09 10:13:25,ASK,11.95,3400
1510,2016-08-09 10:13:25,BID,11.94,7600
1511,2016-08-09 10:13:29,TRADE,11.94,2600
1512,2016-08-09 10:13:29,BID,11.94,5000
1513,2016-08-09 10:13:29,ASK,11.95,8400
1514,2016-08-09 10:13:29,ASK,11.95,13400
1515,2016-08-09 10:13:29,TRADE,11.95,3400
1516,2016-08-09 10:13:29,TRADE,11.95,5000
1517,2016-08-09 10:13:29,TRADE,11.95,5000
1518,2016-08-09 10:13:29,BID,11.95,6600
1519,2016-08-09 10:13:29,ASK,11.96,60200
1520,2016-08-09 10:13:29,BID,11.95,11600
1522,2016-08-09 10:13:29,ASK,11.96,60100
1523,2016-08-09 10:13:29,BID,11.95,11700
1524,2016-08-09 10:13:29,ASK,11.96,60300
1525,2016-08-09 10:13:35,ASK,11.96,60100
1526,2016-08-09 10:13:35,TRADE,11.96,100
1527,2016-08-09 10:13:35,ASK,11.96,60000
1528,2016-08-09 10:13:35,BID,11.95,13100
1529,2016-08-09 10:13:37,TRADE,11.95,100
1530,2016-08-09 10:13:37,BID,11.95,13000
1531,2016-08-09 10:13:40,ASK,11.96,51500
1532,2016-08-09 10:13:41,TRADE,11.96,100
1533,2016-08-09 10:13:41,ASK,11.96,51400
1534,2016-08-09 10:13:42,TRADE,11.95,6500
1535,2016-08-09 10:13:42,TRADE,11.95,5000
1536,2016-08-09 10:13:42,TRADE,11.95,100
1537,2016-08-09 10:13:42,TRADE,11.95,1400
1538,2016-08-09 10:13:42,BID,11.95,20000
1539,2016-08-09 10:13:42,BID,11.95,25000
1540,2016-08-09 10:13:42,BID,11.95,26200
1541,2016-08-09 10:13:43,TRADE,11.95,800
1542,2016-08-09 10:13:43,BID,11.95,25400
1543,2016-08-09 10:13:45,BID,11.95,30400
1544,2016-08-09 10:13:45,BID,11.95,31000
1545,2016-08-09 10:13:49,BID,11.95,34000
1546,2016-08-09 10:13:49,BID,11.95,35200
1547,2016-08-09 10:13:49,ASK,11.96,46400
1548,2016-08-09 10:13:53,BID,11.95,36700
1549,2016-08-09 10:13:53,BID,11.95,36800
1550,2016-08-09 10:13:54,TRADE,11.96,1000
1551,2016-08-09 10:13:54,ASK,11.96,45400
1552,2016-08-09 10:13:55,TRADE,11.96,5000
1553,2016-08-09 10:13:55,ASK,11.96,40400
1554,2016-08-09 10:13:55,TRADE,11.96,3100
1555,2016-08-09 10:13:55,TRADE,11.96,300
1556,2016-08-09 10:13:55,TRADE,11.96,2000
1557,2016-08-09 10:13:55,TRADE,11.96,12000
1558,2016-08-09 10:13:55,TRADE,11.96,2200
1559,2016-08-09 10:13:55,ASK,11.96,20800
1560,2016-08-09 10:13:55,ASK,11.96,15800
1561,2016-08-09 10:13:55,TRADE,11.96,7800
1562,2016-08-09 10:13:55,TRADE,11.96,8000
1563,2016-08-09 10:13:55,ASK,11.97,48400
1564,2016-08-09 10:13:55,ASK,11.97,48100
1565,2016-08-09 10:13:55,BID,11.96,15300
1566,2016-08-09 10:13:55,ASK,11.97,48000
1567,2016-08-09 10:13:55,ASK,11.97,47900
1568,2016-08-09 10:13:55,BID,11.96,20300
1569,2016-08-09 10:13:55,ASK,11.97,42900
1575,2016-08-09 10:13:55,ASK,11.97,43400
1576,2016-08-09 10:13:55,BID,11.96,21400
1577,2016-08-09 10:13:55,ASK,11.97,42900
1578,2016-08-09 10:13:55,BID,11.96,21300
1579,2016-08-09 10:13:55,BID,11.96,21200
1580,2016-08-09 10:13:55,BID,11.96,21100
1581,2016-08-09 10:13:55,BID,11.96,21200
1582,2016-08-09 10:13:55,TRADE,11.96,100
1583,2016-08-09 10:13:55,BID,11.96,21100
1584,2016-08-09 10:13:55,BID,11.96,21000
1585,2016-08-09 10:13:55,BID,11.96,20900
1586,2016-08-09 10:13:55,BID,11.96,5700
1587,2016-08-09 10:13:55,BID,11.96,5000
1588,2016-08-09 10:13:55,TRADE,11.96,100
1589,2016-08-09 10:13:55,BID,11.96,4900
1590,2016-08-09 10:13:55,BID,11.96,5500
1591,2016-08-09 10:13:56,BID,11.96,5400
1592,2016-08-09 10:13:56,BID,11.96,5300
1593,2016-08-09 10:13:56,BID,11.96,5400
1594,2016-08-09 10:13:56,BID,11.96,5300
1595,2016-08-09 10:13:56,BID,11.96,5000
1596,2016-08-09 10:13:56,BID,11.96,4900
1597,2016-08-09 10:13:56,TRADE,11.96,100
1598,2016-08-09 10:13:56,BID,11.96,4800
1599,2016-08-09 10:13:56,BID,11.96,5100
1600,2016-08-09 10:13:56,BID,11.96,5000
1601,2016-08-09 10:13:56,BID,11.96,4900
1602,2016-08-09 10:13:56,BID,11.96,5000
1603,2016-08-09 10:13:56,BID,11.96,4900
1604,2016-08-09 10:13:56,BID,11.96,4800
1605,2016-08-09 10:13:57,TRADE,11.96,100
1606,2016-08-09 10:13:57,BID,11.96,4700
1607,2016-08-09 10:13:57,TRADE,11.96,4700
1608,2016-08-09 10:13:57,BID,11.95,40700
1609,2016-08-09 10:13:57,BID,11.95,40600
1611,2016-08-09 10:13:57,BID,11.95,35600
1612,2016-08-09 10:13:57,ASK,11.97,47900
1613,2016-08-09 10:13:57,TRADE,11.95,100
1614,2016-08-09 10:13:57,BID,11.95,35500
1615,2016-08-09 10:13:58,TRADE,11.97,400
1616,2016-08-09 10:13:58,TRADE,11.97,200
1617,2016-08-09 10:13:58,TRADE,11.97,700
1618,2016-08-09 10:13:58,ASK,11.97,46600
1619,2016-08-09 10:13:58,TRADE,11.97,3000
1620,2016-08-09 10:13:58,TRADE,11.97,1300
1621,2016-08-09 10:13:58,TRADE,11.97,1000
1622,2016-08-09 10:13:58,TRADE,11.97,200
1623,2016-08-09 10:13:58,TRADE,11.97,5000
1624,2016-08-09 10:13:58,ASK,11.97,36100
1625,2016-08-09 10:13:58,BID,11.96,5000
1626,2016-08-09 10:13:58,BID,11.96,5300
1627,2016-08-09 10:13:58,BID,11.96,5700
1628,2016-08-09 10:13:58,ASK,11.97,41100
1629,2016-08-09 10:13:58,ASK,11.97,36100
1631,2016-08-09 10:13:58,BID,11.96,5300
1632,2016-08-09 10:13:58,TRADE,11.96,100
1633,2016-08-09 10:13:58,BID,11.96,5200
1634,2016-08-09 10:13:58,TRADE,11.96,100
1635,2016-08-09 10:13:58,BID,11.96,5100
1636,2016-08-09 10:13:58,TRADE,11.97,2800
1637,2016-08-09 10:13:58,TRADE,11.97,7600
1638,2016-08-09 10:13:58,TRADE,11.97,9600
1639,2016-08-09 10:13:58,ASK,11.97,16100
1640,2016-08-09 10:13:58,ASK,11.97,11100
1641,2016-08-09 10:13:58,BID,11.96,5400
1642,2016-08-09 10:13:58,BID,11.96,5800
1643,2016-08-09 10:13:58,BID,11.96,10800
1644,2016-08-09 10:13:58,TRADE,11.96,100
1645,2016-08-09 10:13:58,BID,11.96,10700
1646,2016-08-09 10:13:58,TRADE,11.96,100
1647,2016-08-09 10:13:58,BID,11.96,10600
1648,2016-08-09 10:13:58,TRADE,11.96,100
1649,2016-08-09 10:13:58,BID,11.96,10500
1650,2016-08-09 10:13:58,BID,11.96,13300
1651,2016-08-09 10:13:58,TRADE,11.96,100
1652,2016-08-09 10:13:58,BID,11.96,13200
1653,2016-08-09 10:13:58,ASK,11.97,18100
1654,2016-08-09 10:13:58,TRADE,11.96,100
1655,2016-08-09 10:13:58,BID,11.96,13100
1656,2016-08-09 10:13:59,TRADE,11.96,100
1657,2016-08-09 10:13:59,BID,11.96,13000
1658,2016-08-09 10:13:59,ASK,11.97,23100
1659,2016-08-09 10:13:59,TRADE,11.96,100
1660,2016-08-09 10:13:59,BID,11.96,12900
1661,2016-08-09 10:13:59,BID,11.96,7900
1662,2016-08-09 10:13:59,BID,11.96,5100
1663,2016-08-09 10:13:59,BID,11.96,4800
1664,2016-08-09 10:13:59,TRADE,11.96,100
1665,2016-08-09 10:13:59,BID,11.96,4700
1666,2016-08-09 10:13:59,TRADE,11.96,100
1667,2016-08-09 10:13:59,BID,11.96,4600
1668,2016-08-09 10:13:59,TRADE,11.96,100
1669,2016-08-09 10:13:59,BID,11.96,4500
1670,2016-08-09 10:13:59,TRADE,11.96,100
1671,2016-08-09 10:13:59,BID,11.96,4400
1672,2016-08-09 10:13:59,TRADE,11.96,100
1673,2016-08-09 10:13:59,BID,11.96,4300
1674,2016-08-09 10:14:00,TRADE,11.96,100
1675,2016-08-09 10:14:00,BID,11.96,4200
1676,2016-08-09 10:14:00,TRADE,11.96,100
1677,2016-08-09 10:14:00,BID,11.96,4100
1678,2016-08-09 10:14:00,TRADE,11.96,100
1679,2016-08-09 10:14:00,BID,11.96,4000
1680,2016-08-09 10:14:00,TRADE,11.96,100
1681,2016-08-09 10:14:00,BID,11.96,3900
1682,2016-08-09 10:14:00,TRADE,11.96,100
1683,2016-08-09 10:14:00,BID,11.96,3800
1684,2016-08-09 10:14:00,TRADE,11.96,100
1685,2016-08-09 10:14:00,BID,11.96,3700
1686,2016-08-09 10:14:00,BID,11.96,3300
1687,2016-08-09 10:14:00,BID,11.96,3000
1688,2016-08-09 10:14:00,TRADE,11.96,100
1689,2016-08-09 10:14:00,BID,11.96,2900
1690,2016-08-09 10:14:00,TRADE,11.96,100
1691,2016-08-09 10:14:00,BID,11.96,2800
1692,2016-08-09 10:14:00,ASK,11.97,28100
1693,2016-08-09 10:14:01,TRADE,11.96,100
1694,2016-08-09 10:14:01,BID,11.96,2700
1695,2016-08-09 10:14:01,TRADE,11.96,100
1696,2016-08-09 10:14:01,BID,11.96,2600
1697,2016-08-09 10:14:01,TRADE,11.96,100
1698,2016-08-09 10:14:01,BID,11.96,2500
1699,2016-08-09 10:14:01,TRADE,11.96,100
1700,2016-08-09 10:14:01,BID,11.96,2400
1701,2016-08-09 10:14:01,TRADE,11.96,100
1702,2016-08-09 10:14:01,BID,11.96,2300
1703,2016-08-09 10:14:01,BID,11.96,3400
1704,2016-08-09 10:14:01,TRADE,11.96,100
1705,2016-08-09 10:14:01,BID,11.96,3300
1706,2016-08-09 10:14:01,TRADE,11.96,100
1707,2016-08-09 10:14:01,BID,11.96,3200
1708,2016-08-09 10:14:01,TRADE,11.96,100
1709,2016-08-09 10:14:01,BID,11.96,3100
1710,2016-08-09 10:14:02,TRADE,11.96,100
1711,2016-08-09 10:14:02,BID,11.96,3000
1712,2016-08-09 10:14:02,TRADE,11.96,100
1713,2016-08-09 10:14:02,BID,11.96,2900
1714,2016-08-09 10:14:02,TRADE,11.96,100
1715,2016-08-09 10:14:02,BID,11.96,2800
1716,2016-08-09 10:14:02,BID,11.96,3800
1717,2016-08-09 10:14:02,TRADE,11.96,100
1718,2016-08-09 10:14:02,BID,11.96,3700
1719,2016-08-09 10:14:02,TRADE,11.96,100
1720,2016-08-09 10:14:02,BID,11.96,3600
1721,2016-08-09 10:14:02,BID,11.96,4000
1722,2016-08-09 10:14:02,TRADE,11.96,100
1723,2016-08-09 10:14:02,BID,11.96,3900
1724,2016-08-09 10:14:02,TRADE,11.96,100
1725,2016-08-09 10:14:02,BID,11.96,3800
1726,2016-08-09 10:14:02,TRADE,11.96,100
1727,2016-08-09 10:14:02,BID,11.96,3700
1728,2016-08-09 10:14:03,TRADE,11.96,100
1729,2016-08-09 10:14:03,BID,11.96,3600
1730,2016-08-09 10:14:03,BID,11.96,3200
1731,2016-08-09 10:14:03,TRADE,11.96,100
1732,2016-08-09 10:14:03,BID,11.96,3100
1733,2016-08-09 10:14:03,BID,11.96,3200
1734,2016-08-09 10:14:03,TRADE,11.96,100
1735,2016-08-09 10:14:03,BID,11.96,3100
1736,2016-08-09 10:14:03,TRADE,11.96,100
1737,2016-08-09 10:14:03,BID,11.96,3000
1738,2016-08-09 10:14:03,TRADE,11.96,100
1739,2016-08-09 10:14:03,BID,11.96,2900
1740,2016-08-09 10:14:03,TRADE,11.96,100
1741,2016-08-09 10:14:03,BID,11.96,2800
1742,2016-08-09 10:14:03,TRADE,11.96,100
1743,2016-08-09 10:14:03,BID,11.96,2700
1744,2016-08-09 10:14:03,TRADE,11.96,100
1745,2016-08-09 10:14:03,BID,11.96,2600
1746,2016-08-09 10:14:04,TRADE,11.96,100
1747,2016-08-09 10:14:04,BID,11.96,2500
1748,2016-08-09 10:14:04,TRADE,11.96,100
1749,2016-08-09 10:14:04,BID,11.96,2400
1750,2016-08-09 10:14:04,TRADE,11.96,100
1751,2016-08-09 10:14:04,BID,11.96,2300
1752,2016-08-09 10:14:04,TRADE,11.96,100
1753,2016-08-09 10:14:04,BID,11.96,2200
1754,2016-08-09 10:14:04,BID,11.96,7200
1755,2016-08-09 10:14:04,BID,11.96,7600
1756,2016-08-09 10:14:04,ASK,11.97,30100
1757,2016-08-09 10:14:04,TRADE,11.96,100
1758,2016-08-09 10:14:04,BID,11.96,7500
1759,2016-08-09 10:14:04,TRADE,11.96,100
1760,2016-08-09 10:14:04,BID,11.96,7400
1761,2016-08-09 10:14:04,BID,11.96,8900
1762,2016-08-09 10:14:05,TRADE,11.97,400
1763,2016-08-09 10:14:05,TRADE,11.97,600
1764,2016-08-09 10:14:05,ASK,11.97,29100
1765,2016-08-09 10:14:08,TRADE,11.96,100
1766,2016-08-09 10:14:08,BID,11.96,8800
1767,2016-08-09 10:14:08,TRADE,11.96,100
1768,2016-08-09 10:14:08,BID,11.96,8700
1769,2016-08-09 10:14:08,TRADE,11.96,100
1770,2016-08-09 10:14:08,BID,11.96,8600
1771,2016-08-09 10:14:09,TRADE,11.96,100
1772,2016-08-09 10:14:09,BID,11.96,8500
1773,2016-08-09 10:14:09,TRADE,11.96,100
1774,2016-08-09 10:14:09,BID,11.96,8400
1775,2016-08-09 10:14:09,BID,11.96,6900
1776,2016-08-09 10:14:09,TRADE,11.96,100
1777,2016-08-09 10:14:09,BID,11.96,6800
1778,2016-08-09 10:14:09,BID,11.96,6500
1779,2016-08-09 10:14:09,TRADE,11.96,100
1780,2016-08-09 10:14:09,BID,11.96,6400
1781,2016-08-09 10:14:09,TRADE,11.96,100
1782,2016-08-09 10:14:09,BID,11.96,6300
1783,2016-08-09 10:14:09,TRADE,11.96,100
1784,2016-08-09 10:14:09,BID,11.96,6200
1785,2016-08-09 10:14:09,BID,11.96,6500
1786,2016-08-09 10:14:09,TRADE,11.96,100
1787,2016-08-09 10:14:09,BID,11.96,6400
1788,2016-08-09 10:14:09,TRADE,11.96,100
1789,2016-08-09 10:14:09,BID,11.96,6300
1790,2016-08-09 10:14:10,TRADE,11.96,100
1791,2016-08-09 10:14:10,BID,11.96,6200
1792,2016-08-09 10:14:10,BID,11.96,6500
1793,2016-08-09 10:14:10,BID,11.96,8500
1794,2016-08-09 10:14:10,TRADE,11.96,300
1795,2016-08-09 10:14:10,BID,11.96,8200
1796,2016-08-09 10:14:10,TRADE,11.96,100
1797,2016-08-09 10:14:10,TRADE,11.96,100
1798,2016-08-09 10:14:10,BID,11.96,8000
1799,2016-08-09 10:14:10,TRADE,11.96,200
1800,2016-08-09 10:14:10,BID,11.96,7800
1801,2016-08-09 10:14:10,TRADE,11.96,200
1802,2016-08-09 10:14:10,BID,11.96,7600
1803,2016-08-09 10:14:10,TRADE,11.96,200
1804,2016-08-09 10:14:10,BID,11.96,7400
1805,2016-08-09 10:14:10,TRADE,11.96,200
1806,2016-08-09 10:14:10,BID,11.96,7200
1807,2016-08-09 10:14:10,TRADE,11.96,200
1808,2016-08-09 10:14:10,BID,11.96,7000
1809,2016-08-09 10:14:11,TRADE,11.96,200
1810,2016-08-09 10:14:11,BID,11.96,6800
1811,2016-08-09 10:14:11,TRADE,11.96,200
1812,2016-08-09 10:14:11,BID,11.96,6600
1813,2016-08-09 10:14:11,TRADE,11.96,200
1814,2016-08-09 10:14:11,BID,11.96,6400
1815,2016-08-09 10:14:11,TRADE,11.96,200
1816,2016-08-09 10:14:11,BID,11.96,6200
1817,2016-08-09 10:14:11,TRADE,11.96,200
1818,2016-08-09 10:14:11,BID,11.96,6000
1819,2016-08-09 10:14:11,TRADE,11.96,200
1820,2016-08-09 10:14:11,BID,11.96,5800
1821,2016-08-09 10:14:11,BID,11.96,3800
1822,2016-08-09 10:14:11,TRADE,11.96,200
1823,2016-08-09 10:14:11,BID,11.96,3600
1824,2016-08-09 10:14:11,TRADE,11.96,200
1825,2016-08-09 10:14:11,BID,11.96,3400
1826,2016-08-09 10:14:11,BID,11.96,4400
1827,2016-08-09 10:14:13,TRADE,11.97,9400
1828,2016-08-09 10:14:13,TRADE,11.97,200
1829,2016-08-09 10:14:13,TRADE,11.97,400
1830,2016-08-09 10:14:13,ASK,11.97,19100
1831,2016-08-09 10:14:13,TRADE,11.97,100
1832,2016-08-09 10:14:13,TRADE,11.97,900
1833,2016-08-09 10:14:13,ASK,11.97,18100
1834,2016-08-09 10:14:13,ASK,11.97,13100
1835,2016-08-09 10:14:13,BID,11.96,6600
1836,2016-08-09 10:14:13,ASK,11.97,8100
1837,2016-08-09 10:14:14,BID,11.96,7600
1838,2016-08-09 10:14:15,TRADE,11.97,500
1839,2016-08-09 10:14:15,ASK,11.97,7600
1840,2016-08-09 10:14:15,BID,11.96,14600
1841,2016-08-09 10:14:16,TRADE,11.97,5000
1842,2016-08-09 10:14:16,ASK,11.97,2600
1843,2016-08-09 10:14:16,BID,11.96,19600
1844,2016-08-09 10:14:16,TRADE,11.97,200
1845,2016-08-09 10:14:16,ASK,11.97,2400
1846,2016-08-09 10:14:16,TRADE,11.97,400
1847,2016-08-09 10:14:16,TRADE,11.97,2000
1848,2016-08-09 10:14:16,ASK,11.98,40300
1849,2016-08-09 10:14:16,BID,11.97,5000
1851,2016-08-09 10:14:16,ASK,11.98,35300
1852,2016-08-09 10:14:16,BID,11.97,5300
1853,2016-08-09 10:14:16,TRADE,11.98,1000
1854,2016-08-09 10:14:16,ASK,11.98,34300
1855,2016-08-09 10:14:16,TRADE,11.98,1000
1856,2016-08-09 10:14:16,TRADE,11.98,2000
1857,2016-08-09 10:14:16,TRADE,11.98,800
1858,2016-08-09 10:14:16,TRADE,11.98,200
1859,2016-08-09 10:14:16,TRADE,11.98,400
1860,2016-08-09 10:14:16,TRADE,11.98,600
1861,2016-08-09 10:14:16,TRADE,11.98,2500
1862,2016-08-09 10:14:16,TRADE,11.98,900
1863,2016-08-09 10:14:16,TRADE,11.98,100
1864,2016-08-09 10:14:16,TRADE,11.98,1500
1865,2016-08-09 10:14:16,TRADE,11.98,2400
1866,2016-08-09 10:14:16,TRADE,11.98,600
1867,2016-08-09 10:14:16,TRADE,11.98,300
1868,2016-08-09 10:14:16,TRADE,11.98,500
1869,2016-08-09 10:14:16,ASK,11.98,20500
1870,2016-08-09 10:14:16,BID,11.97,5600
1871,2016-08-09 10:14:16,BID,11.97,6000
1872,2016-08-09 10:14:16,TRADE,11.98,600
1873,2016-08-09 10:14:16,TRADE,11.98,1600
1874,2016-08-09 10:14:16,ASK,11.98,18300
1875,2016-08-09 10:14:17,TRADE,11.98,100
1876,2016-08-09 10:14:17,TRADE,11.98,5000
1877,2016-08-09 10:14:17,TRADE,11.98,1200
1878,2016-08-09 10:14:17,TRADE,11.98,7900
1879,2016-08-09 10:14:17,TRADE,11.98,800
1880,2016-08-09 10:14:17,ASK,11.98,3300
1881,2016-08-09 10:14:17,TRADE,11.98,800
1882,2016-08-09 10:14:17,ASK,11.98,2500
1883,2016-08-09 10:14:17,TRADE,11.98,300
1884,2016-08-09 10:14:17,TRADE,11.98,2000
1885,2016-08-09 10:14:17,TRADE,11.98,200
1886,2016-08-09 10:14:17,ASK,11.99,33400
1888,2016-08-09 10:14:17,ASK,11.99,28400
1889,2016-08-09 10:14:17,ASK,11.99,26700
1890,2016-08-09 10:14:17,BID,11.97,11000
1891,2016-08-09 10:14:17,TRADE,11.99,400
1892,2016-08-09 10:14:17,TRADE,11.99,2200
1893,2016-08-09 10:14:17,TRADE,11.99,1500
1894,2016-08-09 10:14:17,ASK,11.99,22600
1895,2016-08-09 10:14:17,ASK,11.99,23800
1896,2016-08-09 10:14:17,TRADE,11.99,100
1897,2016-08-09 10:14:17,ASK,11.99,23700
1898,2016-08-09 10:14:17,TRADE,11.99,400
1899,2016-08-09 10:14:17,TRADE,11.99,600
1900,2016-08-09 10:14:17,ASK,11.99,22700
1901,2016-08-09 10:14:18,TRADE,11.99,1200
1902,2016-08-09 10:14:18,ASK,11.99,21500
1903,2016-08-09 10:14:18,TRADE,11.99,8200
1904,2016-08-09 10:14:18,TRADE,11.99,1800
1905,2016-08-09 10:14:18,ASK,11.99,11500
1906,2016-08-09 10:14:19,BID,11.98,1000
1907,2016-08-09 10:14:19,BID,11.98,6000
1908,2016-08-09 10:14:19,BID,11.98,6400
1909,2016-08-09 10:14:19,BID,11.98,6700
1911,2016-08-09 10:14:19,TRADE,11.98,1000
1912,2016-08-09 10:14:19,BID,11.98,5700
1913,2016-08-09 10:14:19,BID,11.98,6000
1914,2016-08-09 10:14:20,TRADE,11.99,200
1915,2016-08-09 10:14:20,TRADE,11.99,100
1916,2016-08-09 10:14:20,TRADE,11.99,3700
1917,2016-08-09 10:14:20,ASK,11.99,7500
1918,2016-08-09 10:14:20,BID,11.98,6300
1919,2016-08-09 10:14:20,BID,11.98,6000
1920,2016-08-09 10:14:20,BID,11.98,5700
1921,2016-08-09 10:14:20,BID,11.98,5900
1922,2016-08-09 10:14:20,ASK,11.99,8000
1923,2016-08-09 10:14:21,TRADE,11.99,1000
1924,2016-08-09 10:14:21,ASK,11.99,7000
1925,2016-08-09 10:14:21,ASK,11.99,12500
1926,2016-08-09 10:14:22,ASK,11.99,17500
1927,2016-08-09 10:14:23,TRADE,11.98,100
1928,2016-08-09 10:14:23,BID,11.98,5800
1929,2016-08-09 10:14:24,BID,11.98,6400
1930,2016-08-09 10:14:24,TRADE,11.99,300
1931,2016-08-09 10:14:24,TRADE,11.99,2700
1932,2016-08-09 10:14:24,ASK,11.99,14500
1933,2016-08-09 10:14:24,BID,11.98,6700
1934,2016-08-09 10:14:25,TRADE,11.99,100
1935,2016-08-09 10:14:25,ASK,11.99,14400
1936,2016-08-09 10:14:28,TRADE,11.99,2000
1937,2016-08-09 10:14:28,ASK,11.99,12400
1938,2016-08-09 10:14:29,TRADE,11.99,200
1939,2016-08-09 10:14:29,TRADE,11.99,1200
1940,2016-08-09 10:14:29,TRADE,11.99,500
1941,2016-08-09 10:14:29,TRADE,11.99,100
1942,2016-08-09 10:14:29,ASK,11.99,10400
1943,2016-08-09 10:14:29,ASK,11.99,15400
1944,2016-08-09 10:14:29,BID,11.98,7000
1945,2016-08-09 10:14:30,BID,11.98,6700
1946,2016-08-09 10:14:31,TRADE,11.98,3500
1947,2016-08-09 10:14:31,BID,11.98,3200
1948,2016-08-09 10:14:31,BID,11.98,2800
1949,2016-08-09 10:14:31,BID,11.98,2500
1950,2016-08-09 10:14:36,ASK,11.99,17400
1951,2016-08-09 10:14:36,BID,11.98,1100
1953,2016-08-09 10:14:41,TRADE,11.98,300
1954,2016-08-09 10:14:41,TRADE,11.98,200
1955,2016-08-09 10:14:41,TRADE,11.98,600
1956,2016-08-09 10:14:41,BID,11.97,8100
1959,2016-08-09 10:14:41,BID,11.98,300
1962,2016-08-09 10:14:43,TRADE,11.99,5000
1963,2016-08-09 10:14:43,ASK,11.99,12400
1964,2016-08-09 10:14:43,BID,11.98,5300
1965,2016-08-09 10:14:43,BID,11.98,5700
1966,2016-08-09 10:14:43,TRADE,11.99,400
1967,2016-08-09 10:14:43,TRADE,11.99,600
1968,2016-08-09 10:14:43,ASK,11.99,11400
1969,2016-08-09 10:14:43,ASK,11.99,7000
1970,2016-08-09 10:14:44,BID,11.98,6000
1971,2016-08-09 10:14:45,TRADE,11.99,2500
1972,2016-08-09 10:14:45,ASK,11.99,4500
1973,2016-08-09 10:14:45,BID,11.98,7000
1974,2016-08-09 10:14:47,TRADE,11.99,100
1975,2016-08-09 10:14:47,ASK,11.99,4400
1976,2016-08-09 10:14:49,BID,11.98,6700
1977,2016-08-09 10:14:49,ASK,11.99,9400
1978,2016-08-09 10:14:50,BID,11.98,7700
1979,2016-08-09 10:14:50,BID,11.98,8900
1980,2016-08-09 10:14:50,BID,11.98,18900
1981,2016-08-09 10:14:50,ASK,11.99,11200
1982,2016-08-09 10:14:51,TRADE,11.99,1000
1983,2016-08-09 10:14:51,ASK,11.99,10200
1984,2016-08-09 10:14:56,ASK,11.99,20200
1985,2016-08-09 10:14:56,TRADE,11.99,1400
1986,2016-08-09 10:14:56,TRADE,11.99,600
1987,2016-08-09 10:14:56,ASK,11.99,18200
1988,2016-08-09 10:14:56,ASK,11.99,23200
1989,2016-08-09 10:14:57,ASK,11.99,24700
1990,2016-08-09 10:14:57,BID,11.98,19900
1991,2016-08-09 10:14:59,TRADE,11.99,100
1992,2016-08-09 10:14:59,ASK,11.99,24600
1993,2016-08-09 10:15:00,BID,11.98,20800
1994,2016-08-09 10:15:01,BID,11.98,21800
1995,2016-08-09 10:15:02,TRADE,11.99,1300
1996,2016-08-09 10:15:02,TRADE,11.99,500
1997,2016-08-09 10:15:02,ASK,11.99,22800
1998,2016-08-09 10:15:02,ASK,11.99,18300
1999,2016-08-09 10:15:03,TRADE,11.99,1800
2000,2016-08-09 10:15:03,TRADE,11.99,1200
2001,2016-08-09 10:15:03,ASK,11.99,15300
2002,2016-08-09 10:15:03,ASK,11.99,10300
2003,2016-08-09 10:15:03,TRADE,11.99,8800
2004,2016-08-09 10:15:03,TRADE,11.99,1500
2005,2016-08-09 10:15:03,ASK,12.0,94500
2006,2016-08-09 10:15:03,BID,11.98,24200
2007,2016-08-09 10:15:03,ASK,12.0,89500
2008,2016-08-09 10:15:03,ASK,12.0,89400
2009,2016-08-09 10:15:03,BID,11.98,21800
2010,2016-08-09 10:15:03,ASK,12.0,91100
2011,2016-08-09 10:15:03,BID,11.98,26800
2012,2016-08-09 10:15:03,ASK,12.0,89400
2013,2016-08-09 10:15:04,BID,11.98,26900
2014,2016-08-09 10:15:05,TRADE,12.0,1000
2015,2016-08-09 10:15:05,TRADE,12.0,100
2016,2016-08-09 10:15:05,TRADE,12.0,500
2017,2016-08-09 10:15:05,TRADE,12.0,400
2018,2016-08-09 10:15:05,ASK,12.0,87400
2019,2016-08-09 10:15:05,TRADE,12.0,1200
2020,2016-08-09 10:15:05,TRADE,12.0,200
2021,2016-08-09 10:15:05,TRADE,12.0,1600
2022,2016-08-09 10:15:05,ASK,12.0,84400
2023,2016-08-09 10:15:05,BID,11.99,300
2024,2016-08-09 10:15:05,BID,11.99,5300
2026,2016-08-09 10:15:05,ASK,12.0,82400
2028,2016-08-09 10:15:05,BID,11.99,6400
2029,2016-08-09 10:15:05,TRADE,12.0,400
2030,2016-08-09 10:15:05,TRADE,12.0,200
2031,2016-08-09 10:15:05,TRADE,12.0,900
2032,2016-08-09 10:15:05,TRADE,12.0,900
2033,2016-08-09 10:15:05,TRADE,12.0,1000
2034,2016-08-09 10:15:05,ASK,12.0,79000
2035,2016-08-09 10:15:05,BID,11.99,6800
2036,2016-08-09 10:15:05,TRADE,12.0,300
2037,2016-08-09 10:15:05,TRADE,12.0,100
2038,2016-08-09 10:15:05,TRADE,12.0,300
2039,2016-08-09 10:15:05,TRADE,12.0,300
2040,2016-08-09 10:15:05,ASK,12.0,78000
2041,2016-08-09 10:15:05,TRADE,12.0,3700
2042,2016-08-09 10:15:05,TRADE,12.0,4000
2043,2016-08-09 10:15:05,TRADE,12.0,200
2044,2016-08-09 10:15:05,TRADE,12.0,300
2045,2016-08-09 10:15:05,TRADE,12.0,1000
2046,2016-08-09 10:15:05,TRADE,12.0,2000
2047,2016-08-09 10:15:05,TRADE,12.0,800
2048,2016-08-09 10:15:05,TRADE,12.0,200
2049,2016-08-09 10:15:05,TRADE,12.0,5000
2050,2016-08-09 10:15:05,TRADE,12.0,5000
2051,2016-08-09 10:15:05,TRADE,12.0,100
2052,2016-08-09 10:15:05,TRADE,12.0,700
2053,2016-08-09 10:15:05,TRADE,12.0,500
2054,2016-08-09 10:15:05,TRADE,12.0,1600
2055,2016-08-09 10:15:05,TRADE,12.0,100
2056,2016-08-09 10:15:05,TRADE,12.0,200
2057,2016-08-09 10:15:05,TRADE,12.0,800
2058,2016-08-09 10:15:05,TRADE,12.0,1000
2059,2016-08-09 10:15:05,TRADE,12.0,4400
2060,2016-08-09 10:15:05,TRADE,12.0,8000
2061,2016-08-09 10:15:05,TRADE,12.0,3000
2062,2016-08-09 10:15:05,TRADE,12.0,1000
2063,2016-08-09 10:15:05,TRADE,12.0,1600
2064,2016-08-09 10:15:05,TRADE,12.0,1000
2065,2016-08-09 10:15:05,TRADE,12.0,300
2066,2016-08-09 10:15:05,TRADE,12.0,2000
2067,2016-08-09 10:15:05,TRADE,12.0,100
2068,2016-08-09 10:15:05,TRADE,12.0,1000
2069,2016-08-09 10:15:05,TRADE,12.0,400
2070,2016-08-09 10:15:05,ASK,12.0,28000
2071,2016-08-09 10:15:05,BID,11.99,7100
2072,2016-08-09 10:15:05,TRADE,12.0,600
2073,2016-08-09 10:15:05,TRADE,12.0,10000
2074,2016-08-09 10:15:05,TRADE,12.0,5000
2075,2016-08-09 10:15:05,TRADE,12.0,2000
2076,2016-08-09 10:15:05,TRADE,12.0,4000
2077,2016-08-09 10:15:05,TRADE,12.0,2000
2078,2016-08-09 10:15:05,TRADE,12.0,300
2079,2016-08-09 10:15:05,TRADE,12.0,3000
2080,2016-08-09 10:15:05,TRADE,12.0,100
2081,2016-08-09 10:15:05,TRADE,12.0,400
2082,2016-08-09 10:15:05,TRADE,12.0,100
2083,2016-08-09 10:15:05,TRADE,12.0,500
2084,2016-08-09 10:15:05,ASK,12.0,10000
2085,2016-08-09 10:15:05,TRADE,12.0,400
2086,2016-08-09 10:15:05,ASK,12.0,9600
2087,2016-08-09 10:15:05,TRADE,12.0,400
2088,2016-08-09 10:15:05,ASK,12.0,9200
2089,2016-08-09 10:15:05,TRADE,12.0,9200
2090,2016-08-09 10:15:05,ASK,12.0,10000
2091,2016-08-09 10:15:05,TRADE,12.0,800
2092,2016-08-09 10:15:05,ASK,12.0,9200
2093,2016-08-09 10:15:05,TRADE,12.0,7600
2094,2016-08-09 10:15:05,ASK,12.0,1600
2095,2016-08-09 10:15:05,TRADE,12.0,1600
2096,2016-08-09 10:15:05,ASK,12.0,10000
2097,2016-08-09 10:15:05,TRADE,12.0,500
2098,2016-08-09 10:15:05,ASK,12.0,9500
2099,2016-08-09 10:15:05,TRADE,12.0,3900
2100,2016-08-09 10:15:05,ASK,12.0,5600
2101,2016-08-09 10:15:05,TRADE,12.0,400
2102,2016-08-09 10:15:05,ASK,12.0,5200
2103,2016-08-09 10:15:05,TRADE,12.0,500
2104,2016-08-09 10:15:05,ASK,12.0,4700
2105,2016-08-09 10:15:05,TRADE,12.0,2000
2106,2016-08-09 10:15:05,ASK,12.0,2700
2107,2016-08-09 10:15:05,TRADE,12.0,2700
2108,2016-08-09 10:15:05,ASK,12.0,10000
2109,2016-08-09 10:15:05,TRADE,12.0,2900
2110,2016-08-09 10:15:05,ASK,12.0,7100
2111,2016-08-09 10:15:05,TRADE,12.0,900
2112,2016-08-09 10:15:05,ASK,12.0,6200
2113,2016-08-09 10:15:05,TRADE,12.0,500
2114,2016-08-09 10:15:05,ASK,12.0,5700
2115,2016-08-09 10:15:05,TRADE,11.99,300
2116,2016-08-09 10:15:05,TRADE,11.99,1700
2117,2016-08-09 10:15:05,BID,11.99,5100
2118,2016-08-09 10:15:05,BID,11.99,5400
2119,2016-08-09 10:15:05,TRADE,12.0,500
2120,2016-08-09 10:15:05,ASK,12.0,5200
2121,2016-08-09 10:15:05,TRADE,12.0,500
2122,2016-08-09 10:15:05,ASK,12.0,4700
2123,2016-08-09 10:15:05,BID,11.99,10400
2124,2016-08-09 10:15:05,TRADE,12.0,1100
2125,2016-08-09 10:15:05,ASK,12.0,3600
2126,2016-08-09 10:15:06,TRADE,12.0,500
2127,2016-08-09 10:15:06,ASK,12.0,3100
2128,2016-08-09 10:15:06,ASK,12.0,3400
2129,2016-08-09 10:15:06,ASK,12.0,3100
2130,2016-08-09 10:15:07,TRADE,11.99,200
2131,2016-08-09 10:15:07,BID,11.99,10200
2132,2016-08-09 10:15:07,ASK,12.0,8100
2133,2016-08-09 10:15:07,ASK,12.0,8500
2134,2016-08-09 10:15:07,BID,11.99,13500
2135,2016-08-09 10:15:08,BID,11.99,14400
2136,2016-08-09 10:15:09,BID,11.99,15500
2137,2016-08-09 10:15:10,TRADE,12.0,3100
2138,2016-08-09 10:15:10,TRADE,12.0,5000
2139,2016-08-09 10:15:10,ASK,12.0,10400
2140,2016-08-09 10:15:11,TRADE,12.0,400
2141,2016-08-09 10:15:11,TRADE,12.0,600
2142,2016-08-09 10:15:11,ASK,12.0,9400
2143,2016-08-09 10:15:11,TRADE,12.0,9400
2144,2016-08-09 10:15:11,ASK,12.0,10000
2145,2016-08-09 10:15:11,TRADE,12.0,10000
2146,2016-08-09 10:15:11,ASK,12.01,32000
2147,2016-08-09 10:15:11,TRADE,12.01,10000
2148,2016-08-09 10:15:11,TRADE,12.01,600
2148,2016-08-09 10:15:11,ASK,12.01,21400
2149,2016-08-09 10:15:11,TRADE,12.01,2000
2150,2016-08-09 10:15:11,TRADE,12.01,7400
2151,2016-08-09 10:15:11,TRADE,12.01,400
2152,2016-08-09 10:15:11,TRADE,12.01,600
2153,2016-08-09 10:15:11,TRADE,12.01,100
2154,2016-08-09 10:15:11,TRADE,12.01,500
2155,2016-08-09 10:15:11,TRADE,12.01,400
2156,2016-08-09 10:15:11,TRADE,12.01,3000
2157,2016-08-09 10:15:11,TRADE,12.01,1700
2158,2016-08-09 10:15:11,TRADE,12.01,200
2159,2016-08-09 10:15:11,TRADE,12.01,5000
2160,2016-08-09 10:15:11,TRADE,12.01,100
2161,2016-08-09 10:15:11,ASK,12.02,28000
2162,2016-08-09 10:15:11,TRADE,12.02,100
2163,2016-08-09 10:15:11,TRADE,12.02,7200
2164,2016-08-09 10:15:11,TRADE,12.02,1000
2165,2016-08-09 10:15:11,TRADE,12.02,100
2166,2016-08-09 10:15:11,TRADE,12.02,400
2167,2016-08-09 10:15:11,TRADE,12.02,1100
2168,2016-08-09 10:15:11,TRADE,12.02,5000
2169,2016-08-09 10:15:11,TRADE,12.02,1000
2170,2016-08-09 10:15:11,TRADE,12.02,4700
2171,2016-08-09 10:15:11,TRADE,12.02,300
2172,2016-08-09 10:15:11,TRADE,12.02,700
2173,2016-08-09 10:15:11,TRADE,12.02,1500
2174,2016-08-09 10:15:11,TRADE,12.02,700
2174,2016-08-09 10:15:11,ASK,12.02,4200
2175,2016-08-09 10:15:11,TRADE,12.02,2000
2176,2016-08-09 10:15:11,TRADE,12.02,100
2177,2016-08-09 10:15:11,TRADE,12.02,1900
2178,2016-08-09 10:15:11,ASK,12.02,200
2179,2016-08-09 10:15:11,BID,12.0,300
2180,2016-08-09 10:15:11,BID,12.0,600
2181,2016-08-09 10:15:11,BID,12.0,1000
2182,2016-08-09 10:15:11,ASK,12.02,500
2183,2016-08-09 10:15:11,ASK,12.02,900
2185,2016-08-09 10:15:11,ASK,12.02,5900
2186,2016-08-09 10:15:11,BID,12.0,6000
2187,2016-08-09 10:15:11,ASK,12.01,1700
2188,2016-08-09 10:15:11,TRADE,12.01,1000
2189,2016-08-09 10:15:11,ASK,12.01,700
2191,2016-08-09 10:15:11,ASK,12.01,800
2192,2016-08-09 10:15:11,ASK,12.01,100
2193,2016-08-09 10:15:11,ASK,12.02,6700
2194,2016-08-09 10:15:11,TRADE,12.0,300
2195,2016-08-09 10:15:11,TRADE,12.0,300
2196,2016-08-09 10:15:11,TRADE,12.0,100
2197,2016-08-09 10:15:11,BID,12.0,5300
2198,2016-08-09 10:15:11,ASK,12.02,6000
2199,2016-08-09 10:15:11,BID,12.0,5600
2200,2016-08-09 10:15:11,ASK,12.02,6300
2201,2016-08-09 10:15:11,BID,12.0,5900
2202,2016-08-09 10:15:11,TRADE,12.0,100
2203,2016-08-09 10:15:11,BID,12.0,5800
2204,2016-08-09 10:15:11,BID,12.0,5900
2205,2016-08-09 10:15:11,ASK,12.02,7000
2206,2016-08-09 10:15:11,BID,12.0,6400
2207,2016-08-09 10:15:11,BID,12.0,6900
2208,2016-08-09 10:15:12,BID,12.0,11900
2209,2016-08-09 10:15:12,TRADE,12.02,200
2210,2016-08-09 10:15:12,TRADE,12.02,300
2211,2016-08-09 10:15:12,TRADE,12.02,400
2212,2016-08-09 10:15:12,TRADE,12.02,5000
2213,2016-08-09 10:15:12,TRADE,12.02,100
2214,2016-08-09 10:15:12,TRADE,12.02,300
2215,2016-08-09 10:15:12,TRADE,12.02,700
2216,2016-08-09 10:15:12,BID,12.02,18000
2217,2016-08-09 10:15:12,ASK,12.03,66300
2218,2016-08-09 10:15:12,TRADE,12.02,300
2219,2016-08-09 10:15:12,BID,12.02,17700
2220,2016-08-09 10:15:12,TRADE,12.02,400
2221,2016-08-09 10:15:12,BID,12.02,17300
2225,2016-08-09 10:15:12,TRADE,12.02,17300
2226,2016-08-09 10:15:12,BID,12.0,11900
2227,2016-08-09 10:15:12,BID,12.01,5000
2230,2016-08-09 10:15:12,ASK,12.03,66400
2231,2016-08-09 10:15:12,ASK,12.02,5000
2232,2016-08-09 10:15:12,BID,12.0,11900
2233,2016-08-09 10:15:12,BID,12.01,400
2234,2016-08-09 10:15:12,BID,12.01,700
2235,2016-08-09 10:15:12,ASK,12.02,7100
2236,2016-08-09 10:15:12,ASK,12.02,7200
2237,2016-08-09 10:15:12,BID,12.01,300
2238,2016-08-09 10:15:12,BID,12.0,11900
2239,2016-08-09 10:15:12,BID,12.0,11800
2240,2016-08-09 10:15:12,TRADE,12.02,100
2241,2016-08-09 10:15:12,ASK,12.02,7100
2242,2016-08-09 10:15:12,TRADE,12.02,100
2243,2016-08-09 10:15:12,ASK,12.02,7000
2244,2016-08-09 10:15:12,TRADE,12.0,100
2245,2016-08-09 10:15:12,BID,12.0,11700
2248,2016-08-09 10:15:13,BID,12.0,12600
2249,2016-08-09 10:15:13,BID,12.0,19100
2250,2016-08-09 10:15:13,BID,12.0,20100
2251,2016-08-09 10:15:13,TRADE,12.02,4800
2252,2016-08-09 10:15:13,TRADE,12.02,2100
2253,2016-08-09 10:15:13,TRADE,12.02,100
2254,2016-08-09 10:15:13,ASK,12.03,71400
2255,2016-08-09 10:15:13,TRADE,12.03,1500
2255,2016-08-09 10:15:13,ASK,12.03,69900
2257,2016-08-09 10:15:13,ASK,12.03,64900
2258,2016-08-09 10:15:13,ASK,12.03,64800
2259,2016-08-09 10:15:13,BID,12.01,300
2260,2016-08-09 10:15:13,BID,12.01,700
2262,2016-08-09 10:15:13,ASK,12.02,5000
2263,2016-08-09 10:15:13,BID,12.01,5700
2267,2016-08-09 10:15:13,ASK,12.02,5100
2268,2016-08-09 10:15:13,BID,12.01,10700
2269,2016-08-09 10:15:13,TRADE,12.02,800
2270,2016-08-09 10:15:13,ASK,12.02,4300
2271,2016-08-09 10:15:13,ASK,12.02,100
2272,2016-08-09 10:15:13,ASK,12.03,67000
2273,2016-08-09 10:15:15,BID,12.01,5700
2274,2016-08-09 10:15:16,ASK,12.03,72000
2275,2016-08-09 10:15:17,ASK,12.03,69900
2276,2016-08-09 10:15:18,BID,12.01,6600
2277,2016-08-09 10:15:18,ASK,12.02,2000
2278,2016-08-09 10:15:18,ASK,12.02,6900
2279,2016-08-09 10:15:18,ASK,12.02,7000
2280,2016-08-09 10:15:19,TRADE,12.01,300
2281,2016-08-09 10:15:19,TRADE,12.01,400
2282,2016-08-09 10:15:19,TRADE,12.01,1300
2283,2016-08-09 10:15:19,BID,12.01,4600
2284,2016-08-09 10:15:19,ASK,12.02,7300
2285,2016-08-09 10:15:19,ASK,12.02,7700
2286,2016-08-09 10:15:19,ASK,12.02,9900
2287,2016-08-09 10:15:21,TRADE,12.02,100
2288,2016-08-09 10:15:21,ASK,12.02,9800
2289,2016-08-09 10:15:21,TRADE,12.01,100
2290,2016-08-09 10:15:21,BID,12.01,4500
2291,2016-08-09 10:15:24,TRADE,12.01,3600
2292,2016-08-09 10:15:24,TRADE,12.01,900
2293,2016-08-09 10:15:24,BID,12.0,28000
2294,2016-08-09 10:15:24,TRADE,12.0,100
2295,2016-08-09 10:15:24,TRADE,12.0,400
2295,2016-08-09 10:15:24,BID,12.0,27500
2296,2016-08-09 10:15:24,BID,12.0,27400
2299,2016-08-09 10:15:25,ASK,12.01,3000
2300,2016-08-09 10:15:25,BID,12.0,22400
2301,2016-08-09 10:15:25,ASK,12.01,3100
2304,2016-08-09 10:15:25,ASK,12.01,3500
2306,2016-08-09 10:15:25,ASK,12.01,3800
2307,2016-08-09 10:15:26,BID,12.0,27400
2308,2016-08-09 10:15:26,ASK,12.01,8800
2309,2016-08-09 10:15:26,ASK,12.01,8500
2310,2016-08-09 10:15:27,TRADE,12.01,3000
2311,2016-08-09 10:15:27,ASK,12.01,5500
2312,2016-08-09 10:15:27,ASK,12.01,5100
2313,2016-08-09 10:15:27,TRADE,12.01,100
2314,2016-08-09 10:15:27,TRADE,12.01,5000
2315,2016-08-09 10:15:27,ASK,12.01,5000
2316,2016-08-09 10:15:27,TRADE,12.01,400
2317,2016-08-09 10:15:27,ASK,12.01,4600
2319,2016-08-09 10:15:27,TRADE,12.01,1000
2320,2016-08-09 10:15:27,BID,12.0,26400
2321,2016-08-09 10:15:27,ASK,12.01,3600
2322,2016-08-09 10:15:27,TRADE,12.01,2900
2323,2016-08-09 10:15:27,ASK,12.01,700
2324,2016-08-09 10:15:27,BID,12.0,26300
2325,2016-08-09 10:15:28,ASK,12.01,3700
2326,2016-08-09 10:15:28,BID,12.0,26400
2327,2016-08-09 10:15:28,TRADE,12.01,700
2328,2016-08-09 10:15:28,TRADE,12.01,1300
2329,2016-08-09 10:15:28,ASK,12.01,6700
2330,2016-08-09 10:15:29,TRADE,12.01,500
2331,2016-08-09 10:15:29,ASK,12.01,6200
2332,2016-08-09 10:15:29,TRADE,12.01,300
2333,2016-08-09 10:15:29,ASK,12.01,5900
2334,2016-08-09 10:15:30,ASK,12.01,7900
2335,2016-08-09 10:15:30,BID,12.0,36400
2336,2016-08-09 10:15:32,BID,12.0,40400
2337,2016-08-09 10:15:32,TRADE,12.01,900
2338,2016-08-09 10:15:32,TRADE,12.01,5000
2339,2016-08-09 10:15:32,TRADE,12.01,2000
2340,2016-08-09 10:15:32,ASK,12.01,5000
2341,2016-08-09 10:15:33,TRADE,12.01,1000
2342,2016-08-09 10:15:33,ASK,12.01,4000
2343,2016-08-09 10:15:35,TRADE,12.01,1000
2344,2016-08-09 10:15:35,ASK,12.01,3000
2345,2016-08-09 10:15:35,BID,12.0,33900
2346,2016-08-09 10:15:35,TRADE,12.01,1000
2347,2016-08-09 10:15:35,ASK,12.01,2000
2348,2016-08-09 10:15:36,ASK,12.01,4000
2349,2016-08-09 10:15:36,ASK,12.01,4400
2350,2016-08-09 10:15:36,TRADE,12.01,2000
2351,2016-08-09 10:15:36,TRADE,12.01,1000
2352,2016-08-09 10:15:36,ASK,12.01,6400
2353,2016-08-09 10:15:37,TRADE,12.01,1000
2354,2016-08-09 10:15:37,ASK,12.01,5400
2355,2016-08-09 10:15:37,TRADE,12.01,400
2356,2016-08-09 10:15:37,TRADE,12.01,1600
2357,2016-08-09 10:15:37,ASK,12.01,3400
2358,2016-08-09 10:15:37,TRADE,12.0,4000
2359,2016-08-09 10:15:37,BID,12.0,29900
2360,2016-08-09 10:15:40,BID,12.0,30000
2361,2016-08-09 10:15:40,TRADE,12.01,1000
2362,2016-08-09 10:15:40,ASK,12.01,2400
2363,2016-08-09 10:15:41,TRADE,12.01,2400
2364,2016-08-09 10:15:41,ASK,12.01,5000
2365,2016-08-09 10:15:41,TRADE,12.01,1000
2366,2016-08-09 10:15:41,ASK,12.01,4000
2367,2016-08-09 10:15:43,BID,12.0,40000
2368,2016-08-09 10:15:43,BID,12.0,42000
2369,2016-08-09 10:15:43,BID,12.0,44200
2370,2016-08-09 10:15:44,TRADE,12.01,1000
2371,2016-08-09 10:15:44,ASK,12.01,3000
2372,2016-08-09 10:15:46,TRADE,12.01,2000
2373,2016-08-09 10:15:46,ASK,12.01,1000
2374,2016-08-09 10:15:48,TRADE,12.01,1000
2375,2016-08-09 10:15:48,ASK,12.02,16000
2376,2016-08-09 10:15:48,ASK,12.02,15600
2377,2016-08-09 10:15:48,BID,12.01,300
2378,2016-08-09 10:15:48,BID,12.01,600
2379,2016-08-09 10:15:48,BID,12.01,5600
2381,2016-08-09 10:15:48,BID,12.01,6000
2387,2016-08-09 10:15:48,ASK,12.02,15700
2388,2016-08-09 10:15:48,BID,12.01,9000
2389,2016-08-09 10:15:48,BID,12.01,10500
2391,2016-08-09 10:15:49,ASK,12.02,15400
2393,2016-08-09 10:15:50,BID,12.01,30500
2394,2016-08-09 10:15:50,ASK,12.02,10500
2395,2016-08-09 10:15:50,BID,12.01,35500
2396,2016-08-09 10:15:51,BID,12.01,36500
2397,2016-08-09 10:15:51,BID,12.01,35500
2398,2016-08-09 10:15:51,TRADE,12.02,1900
2399,2016-08-09 10:15:51,TRADE,12.02,100
2400,2016-08-09 10:15:51,TRADE,12.02,3000
2401,2016-08-09 10:15:51,ASK,12.02,5500
2402,2016-08-09 10:15:51,TRADE,12.02,500
2403,2016-08-09 10:15:51,TRADE,12.02,700
2404,2016-08-09 10:15:51,TRADE,12.02,300
2405,2016-08-09 10:15:51,ASK,12.02,4000
2406,2016-08-09 10:15:51,TRADE,12.01,300
2407,2016-08-09 10:15:51,TRADE,12.01,300
2408,2016-08-09 10:15:51,TRADE,12.01,5000
2409,2016-08-09 10:15:51,TRADE,12.01,400
2410,2016-08-09 10:15:51,TRADE,12.01,3000
2411,2016-08-09 10:15:51,TRADE,12.01,1500
2412,2016-08-09 10:15:51,TRADE,12.01,20000
2413,2016-08-09 10:15:51,TRADE,12.01,5000
2414,2016-08-09 10:15:51,BID,12.0,46300
2415,2016-08-09 10:15:51,ASK,12.01,64500
2416,2016-08-09 10:15:51,BID,12.0,46200
2417,2016-08-09 10:15:51,BID,12.0,41200
2419,2016-08-09 10:15:51,ASK,12.01,64600
2420,2016-08-09 10:15:52,TRADE,12.01,1000
2421,2016-08-09 10:15:52,ASK,12.01,63600
2423,2016-08-09 10:15:52,TRADE,12.01,1000
2424,2016-08-09 10:15:52,ASK,12.01,62600
2426,2016-08-09 10:15:52,TRADE,12.01,1000
2427,2016-08-09 10:15:52,ASK,12.01,61600
2428,2016-08-09 10:15:53,TRADE,12.01,1000
2429,2016-08-09 10:15:53,ASK,12.01,60600
2430,2016-08-09 10:15:54,BID,12.0,41500
2431,2016-08-09 10:15:54,BID,12.0,36500
2432,2016-08-09 10:15:55,BID,12.0,36900
2433,2016-08-09 10:15:56,ASK,12.01,70600
2434,2016-08-09 10:15:57,BID,12.0,37400
2435,2016-08-09 10:15:59,TRADE,12.01,1000
2436,2016-08-09 10:15:59,ASK,12.01,69600
2437,2016-08-09 10:16:00,TRADE,12.01,1000
2438,2016-08-09 10:16:00,ASK,12.01,68600
2439,2016-08-09 10:16:00,TRADE,12.01,400
2440,2016-08-09 10:16:00,ASK,12.01,68200
2441,2016-08-09 10:16:00,TRADE,12.01,2000
2442,2016-08-09 10:16:00,ASK,12.01,66200
2443,2016-08-09 10:16:01,TRADE,12.01,2000
2444,2016-08-09 10:16:01,ASK,12.01,64200
2445,2016-08-09 10:16:01,TRADE,12.01,500
2446,2016-08-09 10:16:01,ASK,12.01,63700
2447,2016-08-09 10:16:01,TRADE,12.01,1000
2448,2016-08-09 10:16:01,ASK,12.01,62700
2449,2016-08-09 10:16:01,TRADE,12.01,500
2450,2016-08-09 10:16:01,ASK,12.01,62200
2451,2016-08-09 10:16:05,BID,12.0,39400
2452,2016-08-09 10:16:08,BID,12.0,40400
2453,2016-08-09 10:16:08,ASK,12.01,70100
2454,2016-08-09 10:16:09,TRADE,12.0,600
2455,2016-08-09 10:16:09,TRADE,12.0,300
2456,2016-08-09 10:16:09,TRADE,12.0,300
2457,2016-08-09 10:16:09,TRADE,12.0,500
2458,2016-08-09 10:16:09,TRADE,12.0,500
2459,2016-08-09 10:16:09,TRADE,12.0,1100
2460,2016-08-09 10:16:09,TRADE,12.0,2500
2461,2016-08-09 10:16:09,TRADE,12.0,100
2462,2016-08-09 10:16:09,TRADE,12.0,10000
2463,2016-08-09 10:16:09,TRADE,12.0,4000
2464,2016-08-09 10:16:09,TRADE,12.0,100
2465,2016-08-09 10:16:09,BID,12.0,20400
2466,2016-08-09 10:16:09,BID,12.0,25400
2467,2016-08-09 10:16:09,BID,12.0,23200
2468,2016-08-09 10:16:09,TRADE,12.01,10000
2469,2016-08-09 10:16:09,ASK,12.01,60100
2470,2016-08-09 10:16:09,TRADE,12.01,2000
2471,2016-08-09 10:16:09,ASK,12.01,58100
2472,2016-08-09 10:16:09,BID,12.0,24200
2473,2016-08-09 10:16:09,BID,12.0,24800
2474,2016-08-09 10:16:11,TRADE,12.0,2000
2475,2016-08-09 10:16:11,BID,12.0,22800
2476,2016-08-09 10:16:13,TRADE,12.0,8000
2477,2016-08-09 10:16:13,TRADE,12.0,2000
2478,2016-08-09 10:16:13,TRADE,12.0,1000
2479,2016-08-09 10:16:13,TRADE,12.0,1000
2480,2016-08-09 10:16:13,TRADE,12.0,300
2481,2016-08-09 10:16:13,TRADE,12.0,400
2482,2016-08-09 10:16:13,TRADE,12.0,500
2483,2016-08-09 10:16:13,TRADE,12.0,1800
2484,2016-08-09 10:16:13,BID,12.0,7800
2485,2016-08-09 10:16:13,ASK,12.01,63100
2486,2016-08-09 10:16:13,BID,12.0,7900
2487,2016-08-09 10:16:13,TRADE,12.0,200
2488,2016-08-09 10:16:13,TRADE,12.0,1000
2489,2016-08-09 10:16:13,TRADE,12.0,5000
2490,2016-08-09 10:16:13,TRADE,12.0,1000
2491,2016-08-09 10:16:13,TRADE,12.0,600
2492,2016-08-09 10:16:13,TRADE,12.0,100
2493,2016-08-09 10:16:13,BID,11.99,30900
2494,2016-08-09 10:16:13,ASK,12.0,100
2495,2016-08-09 10:16:13,BID,11.99,30800
2497,2016-08-09 10:16:13,BID,11.99,25800
2498,2016-08-09 10:16:13,ASK,12.0,200
2499,2016-08-09 10:16:13,ASK,12.0,500
2500,2016-08-09 10:16:13,BID,11.99,26800
2501,2016-08-09 10:16:13,BID,11.99,25800
2503,2016-08-09 10:16:13,ASK,12.0,50500
2507,2016-08-09 10:16:14,BID,11.99,25500
2508,2016-08-09 10:16:14,BID,11.99,25400
2509,2016-08-09 10:16:14,ASK,12.0,500
2510,2016-08-09 10:16:14,ASK,12.0,200
2511,2016-08-09 10:16:14,BID,11.99,30400
2512,2016-08-09 10:16:16,TRADE,12.0,100
2513,2016-08-09 10:16:16,TRADE,12.0,100
2514,2016-08-09 10:16:16,BID,12.0,2600
2515,2016-08-09 10:16:16,ASK,12.01,63000
2517,2016-08-09 10:16:16,BID,12.0,7600
2518,2016-08-09 10:16:16,ASK,12.01,58000
2519,2016-08-09 10:16:16,BID,12.0,7900
2520,2016-08-09 10:16:16,BID,12.0,8300
2521,2016-08-09 10:16:17,BID,12.0,9300
2522,2016-08-09 10:16:17,BID,12.0,8300
2523,2016-08-09 10:16:24,TRADE,12.01,2000
2524,2016-08-09 10:16:24,ASK,12.01,56000
2525,2016-08-09 10:16:24,BID,12.0,8600
2526,2016-08-09 10:16:28,TRADE,12.0,2600
2527,2016-08-09 10:16:28,TRADE,12.0,5000
2528,2016-08-09 10:16:28,TRADE,12.0,300
2529,2016-08-09 10:16:28,TRADE,12.0,400
2530,2016-08-09 10:16:28,TRADE,12.0,300
2531,2016-08-09 10:16:28,BID,11.99,61400
2532,2016-08-09 10:16:28,ASK,12.0,11400
2533,2016-08-09 10:16:28,TRADE,12.0,300
