,Date,Type,Price,Size
0,2016-08-23 10:06:18,TRADE,12.48,1000
1,2016-08-23 10:06:18,BID,12.48,400
2,2016-08-23 10:06:18,ASK,12.49,11500
3,2016-08-23 10:06:18,BID,12.48,5400
4,2016-08-23 10:06:18,ASK,12.49,16500
5,2016-08-23 10:06:18,TRADE,12.49,500
6,2016-08-23 10:06:18,TRADE,12.49,700
7,2016-08-23 10:06:18,ASK,12.49,15300
8,2016-08-23 10:06:18,BID,12.48,5500
9,2016-08-23 10:06:18,TRADE,12.48,400
10,2016-08-23 10:06:18,TRADE,12.48,4600
11,2016-08-23 10:06:18,BID,12.48,500
12,2016-08-23 10:06:18,BID,12.48,100
13,2016-08-23 10:06:18,BID,12.48,600
14,2016-08-23 10:06:18,ASK,12.49,15500
15,2016-08-23 10:06:18,ASK,12.49,15600
16,2016-08-23 10:06:19,TRADE,12.49,200
17,2016-08-23 10:06:19,ASK,12.49,15400
18,2016-08-23 10:06:19,TRADE,12.48,100
19,2016-08-23 10:06:19,TRADE,12.48,500
20,2016-08-23 10:06:19,BID,12.47,29400
21,2016-08-23 10:06:19,TRADE,12.47,1000
21,2016-08-23 10:06:19,BID,12.47,28400
22,2016-08-23 10:06:19,TRADE,12.49,100
23,2016-08-23 10:06:19,TRADE,12.49,100
24,2016-08-23 10:06:19,ASK,12.49,15200
25,2016-08-23 10:06:19,TRADE,12.49,1300
26,2016-08-23 10:06:19,ASK,12.49,13900
27,2016-08-23 10:06:19,TRADE,12.49,500
28,2016-08-23 10:06:19,ASK,12.49,13400
29,2016-08-23 10:06:19,BID,12.47,28600
30,2016-08-23 10:06:19,BID,12.47,28700
31,2016-08-23 10:06:19,BID,12.47,28900
32,2016-08-23 10:06:19,TRADE,12.49,2600
33,2016-08-23 10:06:19,ASK,12.49,10800
34,2016-08-23 10:06:19,BID,12.47,33700
35,2016-08-23 10:06:19,TRADE,12.49,1000
36,2016-08-23 10:06:19,ASK,12.49,9800
37,2016-08-23 10:06:19,TRADE,12.47,8000
38,2016-08-23 10:06:19,BID,12.47,25700
39,2016-08-23 10:06:19,BID,12.47,25500
40,2016-08-23 10:06:19,BID,12.47,25400
41,2016-08-23 10:06:19,TRADE,12.49,1200
42,2016-08-23 10:06:19,ASK,12.49,8600
43,2016-08-23 10:06:19,TRADE,12.49,2200
44,2016-08-23 10:06:19,ASK,12.49,6400
45,2016-08-23 10:06:19,BID,12.47,30400
46,2016-08-23 10:06:20,BID,12.47,35400
47,2016-08-23 10:06:20,BID,12.48,5000
48,2016-08-23 10:06:20,TRADE,12.49,1100
49,2016-08-23 10:06:20,TRADE,12.49,700
50,2016-08-23 10:06:20,ASK,12.49,4600
53,2016-08-23 10:06:20,BID,12.48,5500
55,2016-08-23 10:06:21,TRADE,12.49,1200
56,2016-08-23 10:06:21,ASK,12.49,3400
57,2016-08-23 10:06:21,BID,12.48,9500
58,2016-08-23 10:06:21,ASK,12.49,300
59,2016-08-23 10:06:21,TRADE,12.48,200
60,2016-08-23 10:06:21,BID,12.48,9300
61,2016-08-23 10:06:21,BID,12.48,8800
62,2016-08-23 10:06:21,ASK,12.49,5300
63,2016-08-23 10:06:21,TRADE,12.49,200
64,2016-08-23 10:06:21,TRADE,12.49,100
65,2016-08-23 10:06:21,TRADE,12.49,700
66,2016-08-23 10:06:21,ASK,12.49,4300
67,2016-08-23 10:06:21,TRADE,12.48,1000
68,2016-08-23 10:06:21,BID,12.48,7800
69,2016-08-23 10:06:21,BID,12.48,8200
70,2016-08-23 10:06:22,TRADE,12.49,1400
71,2016-08-23 10:06:22,ASK,12.49,2900
72,2016-08-23 10:06:22,TRADE,12.49,2500
73,2016-08-23 10:06:22,ASK,12.49,400
74,2016-08-23 10:06:22,ASK,12.5,43200
75,2016-08-23 10:06:22,BID,12.48,7800
76,2016-08-23 10:06:22,BID,12.49,1300
77,2016-08-23 10:06:22,BID,12.49,6300
78,2016-08-23 10:06:22,ASK,12.5,43100
79,2016-08-23 10:06:22,BID,12.49,7000
80,2016-08-23 10:06:22,BID,12.49,5700
81,2016-08-23 10:06:23,TRADE,12.5,1200
82,2016-08-23 10:06:23,ASK,12.5,41900
83,2016-08-23 10:06:23,TRADE,12.5,2600
84,2016-08-23 10:06:23,TRADE,12.5,700
85,2016-08-23 10:06:23,TRADE,12.5,2900
86,2016-08-23 10:06:23,TRADE,12.5,200
87,2016-08-23 10:06:23,TRADE,12.5,2100
88,2016-08-23 10:06:23,ASK,12.5,33400
89,2016-08-23 10:06:23,BID,12.49,8200
90,2016-08-23 10:06:23,ASK,12.5,28400
91,2016-08-23 10:06:23,BID,12.49,9000
92,2016-08-23 10:06:23,TRADE,12.5,400
93,2016-08-23 10:06:23,TRADE,12.5,1800
94,2016-08-23 10:06:23,ASK,12.5,26200
95,2016-08-23 10:06:23,TRADE,12.5,3200
96,2016-08-23 10:06:23,TRADE,12.5,1000
97,2016-08-23 10:06:23,TRADE,12.5,1000
98,2016-08-23 10:06:23,TRADE,12.5,10000
99,2016-08-23 10:06:23,TRADE,12.5,100
100,2016-08-23 10:06:23,TRADE,12.5,400
101,2016-08-23 10:06:23,TRADE,12.5,6000
102,2016-08-23 10:06:23,TRADE,12.5,4500
103,2016-08-23 10:06:23,ASK,12.51,15000
104,2016-08-23 10:06:23,BID,12.5,5000
105,2016-08-23 10:06:23,BID,12.5,6000
106,2016-08-23 10:06:23,ASK,12.51,10000
107,2016-08-23 10:06:23,ASK,12.51,10500
108,2016-08-23 10:06:23,ASK,12.51,11000
109,2016-08-23 10:06:23,ASK,12.51,11500
110,2016-08-23 10:06:23,BID,12.5,11000
111,2016-08-23 10:06:23,ASK,12.51,11000
112,2016-08-23 10:06:23,ASK,12.51,10500
113,2016-08-23 10:06:23,ASK,12.51,10000
114,2016-08-23 10:06:23,BID,12.5,12400
115,2016-08-23 10:06:23,BID,12.5,17000
119,2016-08-23 10:06:23,BID,12.5,15600
120,2016-08-23 10:06:23,BID,12.5,11000
121,2016-08-23 10:06:23,ASK,12.51,10100
122,2016-08-23 10:06:23,BID,12.5,12800
123,2016-08-23 10:06:23,ASK,12.51,15100
125,2016-08-23 10:06:23,TRADE,12.51,1900
126,2016-08-23 10:06:23,ASK,12.51,13200
127,2016-08-23 10:06:23,TRADE,12.51,4600
128,2016-08-23 10:06:23,ASK,12.51,8600
129,2016-08-23 10:06:23,ASK,12.51,3600
130,2016-08-23 10:06:23,TRADE,12.51,1500
131,2016-08-23 10:06:23,TRADE,12.51,1000
132,2016-08-23 10:06:23,TRADE,12.51,1000
133,2016-08-23 10:06:23,TRADE,12.51,100
134,2016-08-23 10:06:23,ASK,12.52,15900
135,2016-08-23 10:06:23,ASK,12.52,16400
136,2016-08-23 10:06:23,ASK,12.52,16900
137,2016-08-23 10:06:24,ASK,12.52,17400
138,2016-08-23 10:06:24,BID,12.5,13100
139,2016-08-23 10:06:24,BID,12.5,17900
140,2016-08-23 10:06:24,TRADE,12.52,500
141,2016-08-23 10:06:24,ASK,12.52,16900
142,2016-08-23 10:06:24,BID,12.5,18300
143,2016-08-23 10:06:25,BID,12.5,18600
144,2016-08-23 10:06:26,ASK,12.51,10000
145,2016-08-23 10:06:26,BID,12.5,13600
146,2016-08-23 10:06:26,ASK,12.51,15000
147,2016-08-23 10:06:26,BID,12.5,14000
148,2016-08-23 10:06:27,BID,12.5,14400
149,2016-08-23 10:06:27,TRADE,12.5,100
150,2016-08-23 10:06:27,BID,12.5,14300
151,2016-08-23 10:06:28,BID,12.5,14800
152,2016-08-23 10:06:28,BID,12.5,15200
153,2016-08-23 10:06:28,TRADE,12.51,500
154,2016-08-23 10:06:28,BID,12.5,14700
155,2016-08-23 10:06:28,ASK,12.51,14500
156,2016-08-23 10:06:28,TRADE,12.51,9500
157,2016-08-23 10:06:28,TRADE,12.51,5000
158,2016-08-23 10:06:28,ASK,12.52,16900
159,2016-08-23 10:06:28,BID,12.5,19700
160,2016-08-23 10:06:28,BID,12.5,19400
161,2016-08-23 10:06:28,BID,12.51,1200
162,2016-08-23 10:06:28,BID,12.51,6200
163,2016-08-23 10:06:28,TRADE,12.52,900
164,2016-08-23 10:06:28,TRADE,12.52,2700
165,2016-08-23 10:06:28,ASK,12.52,13300
166,2016-08-23 10:06:28,BID,12.51,11200
167,2016-08-23 10:06:28,ASK,12.52,8300
168,2016-08-23 10:06:28,BID,12.51,10000
169,2016-08-23 10:06:28,BID,12.51,11300
170,2016-08-23 10:06:28,BID,12.51,15000
171,2016-08-23 10:06:29,BID,12.51,15300
172,2016-08-23 10:06:29,ASK,12.52,7300
173,2016-08-23 10:06:29,BID,12.51,16800
174,2016-08-23 10:06:29,BID,12.51,17100
175,2016-08-23 10:06:29,TRADE,12.51,500
176,2016-08-23 10:06:29,BID,12.51,16600
177,2016-08-23 10:06:30,TRADE,12.52,2300
178,2016-08-23 10:06:30,TRADE,12.52,700
179,2016-08-23 10:06:30,ASK,12.52,4300
180,2016-08-23 10:06:30,ASK,12.52,3800
181,2016-08-23 10:06:30,ASK,12.52,3300
182,2016-08-23 10:06:30,ASK,12.52,2800
183,2016-08-23 10:06:30,BID,12.51,15300
184,2016-08-23 10:06:30,BID,12.51,11300
185,2016-08-23 10:06:30,TRADE,12.52,300
186,2016-08-23 10:06:30,TRADE,12.52,900
187,2016-08-23 10:06:30,TRADE,12.52,1600
188,2016-08-23 10:06:30,ASK,12.53,12200
189,2016-08-23 10:06:30,BID,12.52,1900
190,2016-08-23 10:06:30,TRADE,12.52,1600
191,2016-08-23 10:06:30,BID,12.52,300
192,2016-08-23 10:06:30,ASK,12.53,12700
193,2016-08-23 10:06:30,TRADE,12.52,100
194,2016-08-23 10:06:30,BID,12.52,200
195,2016-08-23 10:06:30,TRADE,12.52,200
196,2016-08-23 10:06:30,BID,12.51,11300
197,2016-08-23 10:06:30,ASK,12.52,600
198,2016-08-23 10:06:30,ASK,12.52,5600
199,2016-08-23 10:06:31,TRADE,12.52,600
200,2016-08-23 10:06:31,TRADE,12.52,200
201,2016-08-23 10:06:31,ASK,12.52,4800
202,2016-08-23 10:06:31,TRADE,12.52,4800
203,2016-08-23 10:06:31,ASK,12.53,12200
204,2016-08-23 10:06:31,TRADE,12.51,100
205,2016-08-23 10:06:31,BID,12.51,11200
206,2016-08-23 10:06:32,BID,12.51,12600
207,2016-08-23 10:06:32,TRADE,12.53,1000
208,2016-08-23 10:06:32,TRADE,12.53,4600
209,2016-08-23 10:06:32,TRADE,12.53,500
210,2016-08-23 10:06:32,ASK,12.53,6100
211,2016-08-23 10:06:32,BID,12.52,5000
212,2016-08-23 10:06:32,TRADE,12.52,100
213,2016-08-23 10:06:32,BID,12.52,4900
214,2016-08-23 10:06:33,BID,12.52,9900
215,2016-08-23 10:06:33,ASK,12.53,4600
216,2016-08-23 10:06:33,TRADE,12.53,1500
217,2016-08-23 10:06:33,ASK,12.53,3100
218,2016-08-23 10:06:33,TRADE,12.53,3000
219,2016-08-23 10:06:33,TRADE,12.53,100
220,2016-08-23 10:06:33,ASK,12.54,11500
221,2016-08-23 10:06:33,TRADE,12.54,1000
222,2016-08-23 10:06:33,TRADE,12.54,900
222,2016-08-23 10:06:33,ASK,12.54,9600
223,2016-08-23 10:06:33,BID,12.53,2000
224,2016-08-23 10:06:33,BID,12.52,9900
225,2016-08-23 10:06:33,TRADE,12.54,100
226,2016-08-23 10:06:33,TRADE,12.54,2300
227,2016-08-23 10:06:33,ASK,12.54,7200
228,2016-08-23 10:06:33,TRADE,12.54,400
229,2016-08-23 10:06:33,ASK,12.54,6800
230,2016-08-23 10:06:33,TRADE,12.54,300
231,2016-08-23 10:06:33,ASK,12.54,6500
232,2016-08-23 10:06:33,BID,12.52,10300
233,2016-08-23 10:06:33,BID,12.52,12000
234,2016-08-23 10:06:34,TRADE,12.52,100
235,2016-08-23 10:06:34,BID,12.52,11900
236,2016-08-23 10:06:35,BID,12.52,12200
237,2016-08-23 10:06:35,ASK,12.53,1500
238,2016-08-23 10:06:36,ASK,12.53,2300
239,2016-08-23 10:06:37,BID,12.52,13700
240,2016-08-23 10:06:38,TRADE,12.52,4800
241,2016-08-23 10:06:38,TRADE,12.52,200
242,2016-08-23 10:06:38,BID,12.52,8700
243,2016-08-23 10:06:38,BID,12.52,3900
244,2016-08-23 10:06:38,BID,12.52,5200
245,2016-08-23 10:06:38,BID,12.52,6100
246,2016-08-23 10:06:39,TRADE,12.52,400
247,2016-08-23 10:06:39,TRADE,12.52,300
248,2016-08-23 10:06:39,TRADE,12.52,300
249,2016-08-23 10:06:39,BID,12.52,5100
250,2016-08-23 10:06:39,TRADE,12.53,1500
251,2016-08-23 10:06:39,TRADE,12.53,200
252,2016-08-23 10:06:39,ASK,12.53,600
253,2016-08-23 10:06:39,BID,12.52,10100
254,2016-08-23 10:06:39,BID,12.52,11600
255,2016-08-23 10:06:39,ASK,12.53,8800
256,2016-08-23 10:06:39,BID,12.52,11900
257,2016-08-23 10:06:39,BID,12.52,12000
258,2016-08-23 10:06:39,TRADE,12.53,300
259,2016-08-23 10:06:39,BID,12.52,11700
260,2016-08-23 10:06:39,ASK,12.53,8500
261,2016-08-23 10:06:39,TRADE,12.53,200
262,2016-08-23 10:06:39,ASK,12.53,8300
263,2016-08-23 10:06:39,ASK,12.53,8400
264,2016-08-23 10:06:39,BID,12.52,12200
265,2016-08-23 10:06:40,TRADE,12.52,500
266,2016-08-23 10:06:40,BID,12.52,11700
267,2016-08-23 10:06:40,BID,12.52,13200
268,2016-08-23 10:06:40,BID,12.52,13300
269,2016-08-23 10:06:41,BID,12.52,13400
270,2016-08-23 10:06:42,BID,12.52,17100
272,2016-08-23 10:06:44,BID,12.52,18100
273,2016-08-23 10:06:45,TRADE,12.53,100
274,2016-08-23 10:06:45,BID,12.52,18000
275,2016-08-23 10:06:45,ASK,12.53,8300
276,2016-08-23 10:06:45,ASK,12.53,13300
277,2016-08-23 10:06:45,TRADE,12.53,100
278,2016-08-23 10:06:45,BID,12.52,17900
279,2016-08-23 10:06:45,ASK,12.53,13200
280,2016-08-23 10:06:45,ASK,12.53,14100
281,2016-08-23 10:06:45,TRADE,12.52,100
282,2016-08-23 10:06:45,BID,12.52,17800
283,2016-08-23 10:06:46,TRADE,12.52,600
284,2016-08-23 10:06:46,TRADE,12.52,1200
285,2016-08-23 10:06:46,BID,12.52,16000
286,2016-08-23 10:06:46,TRADE,12.52,100
287,2016-08-23 10:06:46,TRADE,12.52,700
288,2016-08-23 10:06:46,BID,12.52,15200
289,2016-08-23 10:06:46,TRADE,12.52,1200
290,2016-08-23 10:06:46,BID,12.52,14000
291,2016-08-23 10:06:46,BID,12.52,10900
292,2016-08-23 10:06:46,BID,12.52,11600
293,2016-08-23 10:06:47,BID,12.52,11700
294,2016-08-23 10:06:48,BID,12.52,11800
295,2016-08-23 10:06:50,TRADE,12.53,100
296,2016-08-23 10:06:50,BID,12.52,11700
297,2016-08-23 10:06:50,ASK,12.53,14000
298,2016-08-23 10:06:50,BID,12.52,16700
299,2016-08-23 10:06:50,BID,12.52,16800
300,2016-08-23 10:06:50,BID,12.52,16900
301,2016-08-23 10:06:50,TRADE,12.53,100
302,2016-08-23 10:06:50,BID,12.52,16800
303,2016-08-23 10:06:50,ASK,12.53,13900
304,2016-08-23 10:06:50,BID,12.52,16900
305,2016-08-23 10:06:51,TRADE,12.52,1500
306,2016-08-23 10:06:51,TRADE,12.52,1500
307,2016-08-23 10:06:51,BID,12.52,13900
308,2016-08-23 10:06:51,BID,12.52,9900
309,2016-08-23 10:06:51,TRADE,12.53,4600
310,2016-08-23 10:06:51,ASK,12.53,9300
311,2016-08-23 10:06:52,BID,12.52,11400
312,2016-08-23 10:06:52,ASK,12.53,9400
313,2016-08-23 10:06:52,TRADE,12.53,3000
314,2016-08-23 10:06:52,ASK,12.53,6400
316,2016-08-23 10:06:52,BID,12.52,16400
318,2016-08-23 10:06:52,TRADE,12.53,300
319,2016-08-23 10:06:52,TRADE,12.53,100
320,2016-08-23 10:06:52,TRADE,12.53,1600
321,2016-08-23 10:06:52,ASK,12.53,4400
322,2016-08-23 10:06:52,ASK,12.53,1000
323,2016-08-23 10:06:52,TRADE,12.53,900
324,2016-08-23 10:06:52,TRADE,12.53,100
325,2016-08-23 10:06:52,ASK,12.54,15100
327,2016-08-23 10:06:52,ASK,12.54,15000
328,2016-08-23 10:06:52,TRADE,12.52,3700
329,2016-08-23 10:06:52,TRADE,12.52,800
330,2016-08-23 10:06:52,BID,12.52,11900
331,2016-08-23 10:06:52,BID,12.52,6900
332,2016-08-23 10:06:52,BID,12.52,8700
333,2016-08-23 10:06:53,ASK,12.54,15100
334,2016-08-23 10:06:53,ASK,12.54,15200
335,2016-08-23 10:06:54,ASK,12.54,18900
336,2016-08-23 10:06:54,TRADE,12.52,200
337,2016-08-23 10:06:54,TRADE,12.52,100
338,2016-08-23 10:06:54,TRADE,12.52,3700
339,2016-08-23 10:06:54,BID,12.52,4700
340,2016-08-23 10:06:54,TRADE,12.54,2200
341,2016-08-23 10:06:54,ASK,12.54,16700
342,2016-08-23 10:06:54,BID,12.52,9700
343,2016-08-23 10:06:54,BID,12.52,10700
344,2016-08-23 10:06:56,TRADE,12.54,100
345,2016-08-23 10:06:56,BID,12.52,10600
346,2016-08-23 10:06:56,ASK,12.54,16600
347,2016-08-23 10:06:56,BID,12.52,10700
348,2016-08-23 10:06:57,TRADE,12.54,500
349,2016-08-23 10:06:57,ASK,12.54,16100
350,2016-08-23 10:06:57,BID,12.52,10800
351,2016-08-23 10:06:58,ASK,12.53,500
352,2016-08-23 10:06:58,ASK,12.53,600
353,2016-08-23 10:06:58,ASK,12.53,5600
354,2016-08-23 10:06:58,BID,12.52,5800
357,2016-08-23 10:07:00,TRADE,12.52,900
358,2016-08-23 10:07:00,BID,12.52,4900
359,2016-08-23 10:07:00,ASK,12.53,5700
360,2016-08-23 10:07:00,BID,12.52,4500
361,2016-08-23 10:07:00,BID,12.52,4600
362,2016-08-23 10:07:01,TRADE,12.52,500
363,2016-08-23 10:07:01,BID,12.52,4100
364,2016-08-23 10:07:01,BID,12.52,5100
365,2016-08-23 10:07:01,TRADE,12.53,300
366,2016-08-23 10:07:01,ASK,12.53,5400
367,2016-08-23 10:07:01,BID,12.52,10100
368,2016-08-23 10:07:01,BID,12.52,10300
369,2016-08-23 10:07:03,BID,12.52,12400
370,2016-08-23 10:07:03,BID,12.52,13900
371,2016-08-23 10:07:03,ASK,12.53,7900
372,2016-08-23 10:07:05,TRADE,12.52,1000
373,2016-08-23 10:07:05,TRADE,12.52,1000
374,2016-08-23 10:07:05,TRADE,12.52,5000
375,2016-08-23 10:07:05,TRADE,12.52,3000
376,2016-08-23 10:07:05,BID,12.52,3900
377,2016-08-23 10:07:05,ASK,12.53,8000
378,2016-08-23 10:07:05,BID,12.52,4800
379,2016-08-23 10:07:05,BID,12.52,5600
380,2016-08-23 10:07:06,BID,12.52,6800
383,2016-08-23 10:07:08,TRADE,12.53,200
384,2016-08-23 10:07:08,TRADE,12.53,100
385,2016-08-23 10:07:08,TRADE,12.53,2700
386,2016-08-23 10:07:08,ASK,12.53,5000
387,2016-08-23 10:07:08,BID,12.52,10100
388,2016-08-23 10:07:08,BID,12.52,10800
389,2016-08-23 10:07:08,BID,12.52,20800
390,2016-08-23 10:07:09,BID,12.52,25800
391,2016-08-23 10:07:09,TRADE,12.53,200
392,2016-08-23 10:07:09,ASK,12.53,4800
393,2016-08-23 10:07:09,BID,12.52,26400
394,2016-08-23 10:07:11,BID,12.52,26500
395,2016-08-23 10:07:13,BID,12.52,28500
396,2016-08-23 10:07:14,ASK,12.53,9400
397,2016-08-23 10:07:14,BID,12.52,29400
398,2016-08-23 10:07:15,TRADE,12.52,300
399,2016-08-23 10:07:15,BID,12.52,29100
400,2016-08-23 10:07:15,TRADE,12.53,100
401,2016-08-23 10:07:15,ASK,12.53,9300
402,2016-08-23 10:07:15,BID,12.52,29000
403,2016-08-23 10:07:18,TRADE,12.53,200
404,2016-08-23 10:07:18,ASK,12.53,9100
405,2016-08-23 10:07:18,ASK,12.53,10100
406,2016-08-23 10:07:18,ASK,12.53,10600
408,2016-08-23 10:07:19,BID,12.52,29100
409,2016-08-23 10:07:19,TRADE,12.53,500
410,2016-08-23 10:07:19,ASK,12.53,10100
411,2016-08-23 10:07:19,BID,12.52,28200
412,2016-08-23 10:07:19,BID,12.52,27400
413,2016-08-23 10:07:19,BID,12.52,26700
414,2016-08-23 10:07:19,TRADE,12.53,1300
415,2016-08-23 10:07:19,TRADE,12.53,100
416,2016-08-23 10:07:19,TRADE,12.53,1200
417,2016-08-23 10:07:19,ASK,12.53,7500
418,2016-08-23 10:07:19,ASK,12.53,12500
419,2016-08-23 10:07:19,TRADE,12.53,1300
420,2016-08-23 10:07:19,TRADE,12.53,100
421,2016-08-23 10:07:19,TRADE,12.53,100
422,2016-08-23 10:07:19,ASK,12.53,11000
423,2016-08-23 10:07:19,BID,12.52,27300
424,2016-08-23 10:07:20,BID,12.52,28100
425,2016-08-23 10:07:21,TRADE,12.52,1000
426,2016-08-23 10:07:21,BID,12.52,27100
427,2016-08-23 10:07:21,BID,12.52,27200
428,2016-08-23 10:07:21,BID,12.52,25700
429,2016-08-23 10:07:21,BID,12.52,27200
430,2016-08-23 10:07:21,BID,12.52,27700
431,2016-08-23 10:07:21,TRADE,12.52,100
432,2016-08-23 10:07:21,BID,12.52,27600
433,2016-08-23 10:07:22,BID,12.52,27700
434,2016-08-23 10:07:22,TRADE,12.53,300
435,2016-08-23 10:07:22,ASK,12.53,10700
436,2016-08-23 10:07:22,ASK,12.53,5700
437,2016-08-23 10:07:22,ASK,12.53,6100
438,2016-08-23 10:07:22,ASK,12.53,6400
439,2016-08-23 10:07:22,ASK,12.53,6700
440,2016-08-23 10:07:22,ASK,12.53,11700
441,2016-08-23 10:07:23,BID,12.52,27200
442,2016-08-23 10:07:24,ASK,12.53,6700
443,2016-08-23 10:07:24,BID,12.52,27300
444,2016-08-23 10:07:24,BID,12.52,27800
445,2016-08-23 10:07:24,ASK,12.53,6100
446,2016-08-23 10:07:24,ASK,12.53,5700
447,2016-08-23 10:07:24,ASK,12.53,13700
448,2016-08-23 10:07:24,TRADE,12.52,700
449,2016-08-23 10:07:24,TRADE,12.52,400
450,2016-08-23 10:07:24,BID,12.52,26700
451,2016-08-23 10:07:24,BID,12.52,21700
452,2016-08-23 10:07:24,ASK,12.53,18700
453,2016-08-23 10:07:24,BID,12.52,21200
454,2016-08-23 10:07:24,TRADE,12.52,1700
455,2016-08-23 10:07:24,BID,12.52,19500
456,2016-08-23 10:07:24,BID,12.52,20100
457,2016-08-23 10:07:24,TRADE,12.52,1200
458,2016-08-23 10:07:24,TRADE,12.52,500
459,2016-08-23 10:07:24,BID,12.52,18400
460,2016-08-23 10:07:24,BID,12.52,23400
461,2016-08-23 10:07:24,TRADE,12.52,200
462,2016-08-23 10:07:24,BID,12.52,23200
463,2016-08-23 10:07:24,BID,12.52,24000
464,2016-08-23 10:07:25,BID,12.52,24800
465,2016-08-23 10:07:25,ASK,12.53,13700
466,2016-08-23 10:07:25,BID,12.52,25300
467,2016-08-23 10:07:27,TRADE,12.52,100
468,2016-08-23 10:07:27,BID,12.52,25200
469,2016-08-23 10:07:27,BID,12.52,25300
470,2016-08-23 10:07:27,BID,12.52,23800
471,2016-08-23 10:07:27,BID,12.52,14600
472,2016-08-23 10:07:27,ASK,12.53,18700
473,2016-08-23 10:07:27,BID,12.52,14100
474,2016-08-23 10:07:28,TRADE,12.53,4200
475,2016-08-23 10:07:28,TRADE,12.53,500
476,2016-08-23 10:07:28,TRADE,12.53,400
477,2016-08-23 10:07:28,TRADE,12.53,300
478,2016-08-23 10:07:28,TRADE,12.53,300
479,2016-08-23 10:07:28,TRADE,12.53,3500
480,2016-08-23 10:07:28,ASK,12.53,9500
481,2016-08-23 10:07:28,ASK,12.53,10000
482,2016-08-23 10:07:28,ASK,12.53,5000
483,2016-08-23 10:07:28,ASK,12.53,5300
484,2016-08-23 10:07:28,ASK,12.53,5700
485,2016-08-23 10:07:28,ASK,12.53,6000
486,2016-08-23 10:07:28,ASK,12.53,10600
487,2016-08-23 10:07:28,ASK,12.53,15600
488,2016-08-23 10:07:28,ASK,12.53,19100
489,2016-08-23 10:07:28,TRADE,12.53,3000
490,2016-08-23 10:07:28,ASK,12.53,16100
491,2016-08-23 10:07:28,BID,12.52,14600
492,2016-08-23 10:07:28,ASK,12.53,19100
493,2016-08-23 10:07:28,BID,12.52,16700
494,2016-08-23 10:07:28,TRADE,12.52,100
495,2016-08-23 10:07:28,BID,12.52,16600
496,2016-08-23 10:07:29,BID,12.52,10400
497,2016-08-23 10:07:29,TRADE,12.53,1500
498,2016-08-23 10:07:29,TRADE,12.53,500
499,2016-08-23 10:07:29,TRADE,12.53,300
500,2016-08-23 10:07:29,TRADE,12.53,400
501,2016-08-23 10:07:29,TRADE,12.53,300
502,2016-08-23 10:07:29,TRADE,12.53,3300
503,2016-08-23 10:07:29,ASK,12.53,12800
504,2016-08-23 10:07:29,ASK,12.53,7800
505,2016-08-23 10:07:29,ASK,12.53,11500
506,2016-08-23 10:07:29,ASK,12.53,12000
507,2016-08-23 10:07:29,ASK,12.53,17000
508,2016-08-23 10:07:29,ASK,12.53,17100
509,2016-08-23 10:07:29,BID,12.52,10900
510,2016-08-23 10:07:29,BID,12.52,11400
511,2016-08-23 10:07:29,BID,12.52,11900
512,2016-08-23 10:07:31,TRADE,12.53,1300
513,2016-08-23 10:07:31,TRADE,12.53,3500
514,2016-08-23 10:07:31,TRADE,12.53,3000
515,2016-08-23 10:07:31,TRADE,12.53,3700
516,2016-08-23 10:07:31,TRADE,12.53,500
517,2016-08-23 10:07:31,TRADE,12.53,5000
518,2016-08-23 10:07:31,TRADE,12.53,100
519,2016-08-23 10:07:31,BID,12.53,12900
520,2016-08-23 10:07:31,ASK,12.54,68500
521,2016-08-23 10:07:31,BID,12.53,17900
522,2016-08-23 10:07:31,ASK,12.54,69000
523,2016-08-23 10:07:31,TRADE,12.53,4600
524,2016-08-23 10:07:31,BID,12.53,13300
525,2016-08-23 10:07:31,BID,12.53,8300
526,2016-08-23 10:07:31,TRADE,12.53,8300
527,2016-08-23 10:07:31,BID,12.52,11900
528,2016-08-23 10:07:31,ASK,12.53,300
529,2016-08-23 10:07:31,ASK,12.53,700
530,2016-08-23 10:07:31,ASK,12.53,1200
531,2016-08-23 10:07:31,ASK,12.53,6200
532,2016-08-23 10:07:31,ASK,12.53,6500
533,2016-08-23 10:07:31,ASK,12.53,1500
534,2016-08-23 10:07:31,ASK,12.53,6100
535,2016-08-23 10:07:31,ASK,12.53,5600
536,2016-08-23 10:07:31,ASK,12.53,5200
537,2016-08-23 10:07:31,ASK,12.53,4900
538,2016-08-23 10:07:31,ASK,12.53,4600
539,2016-08-23 10:07:31,TRADE,12.52,1900
540,2016-08-23 10:07:31,TRADE,12.52,900
541,2016-08-23 10:07:31,TRADE,12.52,600
542,2016-08-23 10:07:31,TRADE,12.52,100
543,2016-08-23 10:07:31,TRADE,12.52,600
544,2016-08-23 10:07:31,TRADE,12.52,5000
545,2016-08-23 10:07:31,TRADE,12.52,800
546,2016-08-23 10:07:31,TRADE,12.52,100
547,2016-08-23 10:07:31,BID,12.52,1900
548,2016-08-23 10:07:31,ASK,12.53,5000
549,2016-08-23 10:07:31,ASK,12.53,5300
550,2016-08-23 10:07:31,ASK,12.53,5800
551,2016-08-23 10:07:31,ASK,12.53,10800
552,2016-08-23 10:07:31,BID,12.52,2200
553,2016-08-23 10:07:31,ASK,12.53,11100
554,2016-08-23 10:07:31,BID,12.52,7200
555,2016-08-23 10:07:31,BID,12.52,6800
556,2016-08-23 10:07:31,BID,12.52,7100
557,2016-08-23 10:07:31,TRADE,12.53,4600
558,2016-08-23 10:07:31,TRADE,12.53,400
559,2016-08-23 10:07:31,TRADE,12.53,300
560,2016-08-23 10:07:31,TRADE,12.53,500
561,2016-08-23 10:07:31,TRADE,12.53,4200
562,2016-08-23 10:07:31,ASK,12.53,1100
563,2016-08-23 10:07:31,TRADE,12.53,800
564,2016-08-23 10:07:31,TRADE,12.53,300
565,2016-08-23 10:07:31,BID,12.53,2100
566,2016-08-23 10:07:31,ASK,12.54,58900
567,2016-08-23 10:07:31,TRADE,12.53,400
568,2016-08-23 10:07:31,BID,12.53,1700
569,2016-08-23 10:07:31,TRADE,12.53,1700
570,2016-08-23 10:07:31,BID,12.52,7600
571,2016-08-23 10:07:31,ASK,12.53,2900
572,2016-08-23 10:07:31,TRADE,12.53,2900
573,2016-08-23 10:07:31,BID,12.53,1000
574,2016-08-23 10:07:31,ASK,12.54,58900
575,2016-08-23 10:07:31,TRADE,12.53,400
576,2016-08-23 10:07:31,BID,12.53,600
577,2016-08-23 10:07:31,ASK,12.54,63500
578,2016-08-23 10:07:31,TRADE,12.54,2200
579,2016-08-23 10:07:31,TRADE,12.54,1500
580,2016-08-23 10:07:31,TRADE,12.54,2000
581,2016-08-23 10:07:31,TRADE,12.54,4300
582,2016-08-23 10:07:31,ASK,12.54,53500
583,2016-08-23 10:07:31,TRADE,12.53,600
584,2016-08-23 10:07:31,BID,12.52,7600
585,2016-08-23 10:07:31,ASK,12.53,400
586,2016-08-23 10:07:31,ASK,12.53,5000
587,2016-08-23 10:07:31,ASK,12.53,5300
588,2016-08-23 10:07:31,TRADE,12.53,400
589,2016-08-23 10:07:31,TRADE,12.53,4100
590,2016-08-23 10:07:31,ASK,12.53,800
591,2016-08-23 10:07:31,ASK,12.53,1200
592,2016-08-23 10:07:31,ASK,12.53,5700
593,2016-08-23 10:07:31,BID,12.52,12600
594,2016-08-23 10:07:31,TRADE,12.53,500
595,2016-08-23 10:07:31,TRADE,12.53,300
596,2016-08-23 10:07:31,TRADE,12.53,400
597,2016-08-23 10:07:31,TRADE,12.53,2700
598,2016-08-23 10:07:31,ASK,12.53,1800
599,2016-08-23 10:07:31,ASK,12.53,2200
600,2016-08-23 10:07:31,ASK,12.53,5400
601,2016-08-23 10:07:31,ASK,12.53,5700
602,2016-08-23 10:07:31,ASK,12.53,6000
603,2016-08-23 10:07:32,ASK,12.53,6500
604,2016-08-23 10:07:32,ASK,12.53,7300
605,2016-08-23 10:07:32,ASK,12.53,12300
606,2016-08-23 10:07:32,BID,12.52,14100
607,2016-08-23 10:07:32,ASK,12.53,22300
608,2016-08-23 10:07:32,ASK,12.53,30300
609,2016-08-23 10:07:32,TRADE,12.53,100
610,2016-08-23 10:07:32,ASK,12.53,30200
611,2016-08-23 10:07:32,BID,12.52,13800
612,2016-08-23 10:07:33,TRADE,12.52,500
613,2016-08-23 10:07:33,TRADE,12.52,500
614,2016-08-23 10:07:33,TRADE,12.52,500
615,2016-08-23 10:07:33,TRADE,12.52,300
616,2016-08-23 10:07:33,TRADE,12.52,5000
617,2016-08-23 10:07:33,TRADE,12.52,500
618,2016-08-23 10:07:33,TRADE,12.52,2700
619,2016-08-23 10:07:33,BID,12.52,3800
620,2016-08-23 10:07:33,BID,12.52,1500
621,2016-08-23 10:07:33,TRADE,12.52,1500
622,2016-08-23 10:07:33,BID,12.51,39200
623,2016-08-23 10:07:33,ASK,12.52,2300
624,2016-08-23 10:07:33,ASK,12.52,2600
625,2016-08-23 10:07:33,ASK,12.52,3000
626,2016-08-23 10:07:33,BID,12.51,34200
627,2016-08-23 10:07:33,BID,12.51,34700
628,2016-08-23 10:07:33,ASK,12.52,700
629,2016-08-23 10:07:33,ASK,12.52,1000
631,2016-08-23 10:07:33,TRADE,12.52,200
632,2016-08-23 10:07:33,ASK,12.52,800
633,2016-08-23 10:07:33,TRADE,12.52,100
634,2016-08-23 10:07:33,TRADE,12.52,100
635,2016-08-23 10:07:33,ASK,12.52,600
636,2016-08-23 10:07:33,ASK,12.52,900
637,2016-08-23 10:07:33,BID,12.51,34900
638,2016-08-23 10:07:33,TRADE,12.52,300
639,2016-08-23 10:07:33,TRADE,12.52,300
640,2016-08-23 10:07:33,TRADE,12.52,300
641,2016-08-23 10:07:33,BID,12.52,1100
642,2016-08-23 10:07:33,ASK,12.53,23700
643,2016-08-23 10:07:33,ASK,12.53,23300
644,2016-08-23 10:07:33,TRADE,12.52,300
645,2016-08-23 10:07:33,BID,12.52,800
646,2016-08-23 10:07:33,ASK,12.53,29800
647,2016-08-23 10:07:33,ASK,12.53,29900
648,2016-08-23 10:07:34,BID,12.52,2900
649,2016-08-23 10:07:34,BID,12.52,7900
650,2016-08-23 10:07:34,BID,12.52,13900
651,2016-08-23 10:07:34,TRADE,12.53,1700
652,2016-08-23 10:07:34,TRADE,12.53,700
653,2016-08-23 10:07:34,ASK,12.53,27500
654,2016-08-23 10:07:34,BID,12.52,14400
655,2016-08-23 10:07:35,BID,12.52,14800
656,2016-08-23 10:07:37,BID,12.52,15800
661,2016-08-23 10:07:39,BID,12.52,15900
662,2016-08-23 10:07:42,TRADE,12.53,1000
663,2016-08-23 10:07:42,ASK,12.53,26500
664,2016-08-23 10:07:42,ASK,12.53,30000
665,2016-08-23 10:07:43,BID,12.52,16100
666,2016-08-23 10:07:43,BID,12.52,17100
667,2016-08-23 10:07:43,TRADE,12.53,1000
668,2016-08-23 10:07:43,ASK,12.53,29000
669,2016-08-23 10:07:44,BID,12.52,18100
670,2016-08-23 10:07:44,BID,12.52,18200
671,2016-08-23 10:07:45,TRADE,12.53,100
672,2016-08-23 10:07:45,ASK,12.53,28900
673,2016-08-23 10:07:45,BID,12.52,18100
674,2016-08-23 10:07:46,TRADE,12.52,100
675,2016-08-23 10:07:46,BID,12.52,18000
676,2016-08-23 10:07:46,BID,12.52,18100
677,2016-08-23 10:07:47,ASK,12.53,29000
678,2016-08-23 10:07:47,BID,12.52,17600
679,2016-08-23 10:07:48,TRADE,12.53,400
680,2016-08-23 10:07:48,TRADE,12.53,300
681,2016-08-23 10:07:48,TRADE,12.53,300
682,2016-08-23 10:07:48,TRADE,12.53,200
683,2016-08-23 10:07:48,ASK,12.53,27800
684,2016-08-23 10:07:48,ASK,12.53,24300
685,2016-08-23 10:07:48,BID,12.52,17800
686,2016-08-23 10:07:48,BID,12.52,17900
687,2016-08-23 10:07:48,TRADE,12.52,700
688,2016-08-23 10:07:48,TRADE,12.52,1300
689,2016-08-23 10:07:48,BID,12.52,15900
690,2016-08-23 10:07:48,TRADE,12.52,3700
691,2016-08-23 10:07:48,TRADE,12.52,1300
692,2016-08-23 10:07:48,BID,12.52,10900
693,2016-08-23 10:07:48,BID,12.52,12500
694,2016-08-23 10:07:49,BID,12.52,13700
695,2016-08-23 10:07:49,ASK,12.53,24400
696,2016-08-23 10:07:51,ASK,12.53,28100
697,2016-08-23 10:07:51,TRADE,12.53,300
698,2016-08-23 10:07:51,TRADE,12.53,100
699,2016-08-23 10:07:51,ASK,12.53,27700
700,2016-08-23 10:07:51,ASK,12.53,28200
701,2016-08-23 10:07:51,ASK,12.53,21700
702,2016-08-23 10:07:51,ASK,12.53,20200
703,2016-08-23 10:07:52,BID,12.52,13800
704,2016-08-23 10:07:52,BID,12.52,18300
705,2016-08-23 10:07:52,BID,12.52,23300
706,2016-08-23 10:07:52,BID,12.52,25300
707,2016-08-23 10:07:53,ASK,12.53,28200
708,2016-08-23 10:07:53,BID,12.52,20800
709,2016-08-23 10:07:54,TRADE,12.52,200
710,2016-08-23 10:07:54,BID,12.52,20600
711,2016-08-23 10:07:58,BID,12.52,21100
712,2016-08-23 10:07:58,BID,12.52,21600
713,2016-08-23 10:07:58,BID,12.52,22100
714,2016-08-23 10:08:00,TRADE,12.52,600
715,2016-08-23 10:08:00,BID,12.52,21500
716,2016-08-23 10:08:00,BID,12.52,21600
717,2016-08-23 10:08:00,BID,12.52,21500
718,2016-08-23 10:08:00,TRADE,12.53,100
719,2016-08-23 10:08:00,ASK,12.53,28100
720,2016-08-23 10:08:01,BID,12.52,20500
721,2016-08-23 10:08:01,BID,12.52,18900
722,2016-08-23 10:08:01,TRADE,12.53,600
723,2016-08-23 10:08:01,TRADE,12.53,3800
724,2016-08-23 10:08:01,ASK,12.53,23700
725,2016-08-23 10:08:01,BID,12.52,23900
726,2016-08-23 10:08:01,BID,12.52,24700
727,2016-08-23 10:08:01,BID,12.52,22700
728,2016-08-23 10:08:02,ASK,12.53,23600
729,2016-08-23 10:08:02,ASK,12.53,23500
730,2016-08-23 10:08:02,TRADE,12.52,300
731,2016-08-23 10:08:02,BID,12.52,22400
732,2016-08-23 10:08:02,ASK,12.53,38500
733,2016-08-23 10:08:02,BID,12.52,22500
734,2016-08-23 10:08:03,BID,12.52,17500
735,2016-08-23 10:08:03,TRADE,12.52,1000
736,2016-08-23 10:08:03,BID,12.52,16500
737,2016-08-23 10:08:03,TRADE,12.52,2600
738,2016-08-23 10:08:03,TRADE,12.52,1000
739,2016-08-23 10:08:03,TRADE,12.52,1000
740,2016-08-23 10:08:03,TRADE,12.52,400
741,2016-08-23 10:08:03,BID,12.52,11500
742,2016-08-23 10:08:03,BID,12.52,12500
743,2016-08-23 10:08:03,BID,12.52,12000
744,2016-08-23 10:08:03,BID,12.52,11500
745,2016-08-23 10:08:03,BID,12.52,11000
746,2016-08-23 10:08:03,ASK,12.53,30500
747,2016-08-23 10:08:03,BID,12.52,12400
748,2016-08-23 10:08:04,ASK,12.53,38500
749,2016-08-23 10:08:05,TRADE,12.53,500
750,2016-08-23 10:08:05,ASK,12.53,38000
751,2016-08-23 10:08:05,BID,12.52,12500
752,2016-08-23 10:08:08,ASK,12.53,40000
753,2016-08-23 10:08:09,TRADE,12.52,500
754,2016-08-23 10:08:09,BID,12.52,12000
755,2016-08-23 10:08:09,TRADE,12.52,2000
756,2016-08-23 10:08:09,BID,12.52,10000
757,2016-08-23 10:08:09,TRADE,12.52,2100
758,2016-08-23 10:08:09,TRADE,12.52,1400
759,2016-08-23 10:08:09,TRADE,12.52,1500
760,2016-08-23 10:08:09,BID,12.52,5000
762,2016-08-23 10:08:10,BID,12.52,6000
763,2016-08-23 10:08:10,BID,12.52,7300
764,2016-08-23 10:08:10,TRADE,12.52,100
765,2016-08-23 10:08:10,BID,12.52,7200
769,2016-08-23 10:08:10,TRADE,12.53,700
770,2016-08-23 10:08:10,TRADE,12.53,300
771,2016-08-23 10:08:10,ASK,12.53,39000
772,2016-08-23 10:08:10,ASK,12.53,44000
773,2016-08-23 10:08:10,ASK,12.53,36000
775,2016-08-23 10:08:10,TRADE,12.53,100
776,2016-08-23 10:08:10,ASK,12.53,35900
779,2016-08-23 10:08:10,BID,12.52,7300
782,2016-08-23 10:08:11,BID,12.52,8600
783,2016-08-23 10:08:12,BID,12.52,8700
784,2016-08-23 10:08:12,ASK,12.53,40900
785,2016-08-23 10:08:12,TRADE,12.52,1000
786,2016-08-23 10:08:12,TRADE,12.52,1300
787,2016-08-23 10:08:12,TRADE,12.52,100
788,2016-08-23 10:08:12,TRADE,12.52,600
789,2016-08-23 10:08:12,BID,12.52,5700
790,2016-08-23 10:08:12,TRADE,12.52,5600
791,2016-08-23 10:08:12,TRADE,12.52,100
792,2016-08-23 10:08:12,BID,12.51,39200
793,2016-08-23 10:08:12,TRADE,12.51,4400
794,2016-08-23 10:08:12,TRADE,12.51,1500
794,2016-08-23 10:08:12,BID,12.51,33300
795,2016-08-23 10:08:12,ASK,12.52,5000
796,2016-08-23 10:08:12,BID,12.51,33400
797,2016-08-23 10:08:12,ASK,12.52,5300
798,2016-08-23 10:08:12,BID,12.51,28400
799,2016-08-23 10:08:12,ASK,12.52,5800
800,2016-08-23 10:08:12,BID,12.51,33400
801,2016-08-23 10:08:12,BID,12.51,33900
802,2016-08-23 10:08:12,BID,12.51,34400
804,2016-08-23 10:08:12,BID,12.51,34900
805,2016-08-23 10:08:12,TRADE,12.52,1900
806,2016-08-23 10:08:12,ASK,12.52,3900
807,2016-08-23 10:08:12,BID,12.51,36900
808,2016-08-23 10:08:12,ASK,12.52,800
809,2016-08-23 10:08:12,ASK,12.52,3500
810,2016-08-23 10:08:12,ASK,12.52,8500
811,2016-08-23 10:08:12,ASK,12.52,9000
812,2016-08-23 10:08:13,TRADE,12.52,300
813,2016-08-23 10:08:13,ASK,12.52,8700
814,2016-08-23 10:08:13,ASK,12.52,8900
815,2016-08-23 10:08:13,BID,12.51,36800
816,2016-08-23 10:08:13,BID,12.51,38600
817,2016-08-23 10:08:14,ASK,12.52,6200
818,2016-08-23 10:08:14,ASK,12.52,6500
821,2016-08-23 10:08:17,BID,12.51,38100
822,2016-08-23 10:08:17,BID,12.51,37600
823,2016-08-23 10:08:17,BID,12.51,37100
824,2016-08-23 10:08:17,ASK,12.52,6700
825,2016-08-23 10:08:17,TRADE,12.52,500
826,2016-08-23 10:08:17,TRADE,12.52,1500
827,2016-08-23 10:08:17,ASK,12.52,4700
828,2016-08-23 10:08:17,ASK,12.52,5200
829,2016-08-23 10:08:18,BID,12.51,37500
830,2016-08-23 10:08:20,ASK,12.52,10200
831,2016-08-23 10:08:22,ASK,12.52,12200
832,2016-08-23 10:08:22,BID,12.51,38000
833,2016-08-23 10:08:26,BID,12.51,38100
834,2016-08-23 10:08:27,ASK,12.52,12300
835,2016-08-23 10:08:27,ASK,12.52,12800
836,2016-08-23 10:08:30,TRADE,12.52,500
837,2016-08-23 10:08:30,ASK,12.52,12300
838,2016-08-23 10:08:31,BID,12.51,38200
839,2016-08-23 10:08:31,ASK,12.52,16300
840,2016-08-23 10:08:34,TRADE,12.52,500
841,2016-08-23 10:08:34,ASK,12.52,15800
842,2016-08-23 10:08:35,BID,12.51,38300
843,2016-08-23 10:08:37,BID,12.51,38400
844,2016-08-23 10:08:37,ASK,12.52,15600
845,2016-08-23 10:08:41,ASK,12.52,13100
846,2016-08-23 10:08:42,TRADE,12.51,5000
847,2016-08-23 10:08:42,BID,12.51,33400
848,2016-08-23 10:08:42,ASK,12.52,8100
849,2016-08-23 10:08:43,TRADE,12.51,100
850,2016-08-23 10:08:43,BID,12.51,33300
851,2016-08-23 10:08:43,ASK,12.52,13100
852,2016-08-23 10:08:43,BID,12.51,35400
853,2016-08-23 10:08:43,BID,12.51,36300
854,2016-08-23 10:08:43,TRADE,12.51,100
855,2016-08-23 10:08:43,BID,12.51,36200
856,2016-08-23 10:08:45,TRADE,12.51,3200
857,2016-08-23 10:08:45,BID,12.51,33000
858,2016-08-23 10:08:45,BID,12.51,33600
859,2016-08-23 10:08:47,ASK,12.52,16100
865,2016-08-23 10:08:48,BID,12.51,33700
866,2016-08-23 10:08:48,ASK,12.52,17600
867,2016-08-23 10:08:48,ASK,12.52,18200
868,2016-08-23 10:08:49,BID,12.51,43700
869,2016-08-23 10:08:49,ASK,12.52,16700
870,2016-08-23 10:08:49,ASK,12.52,21700
871,2016-08-23 10:08:52,ASK,12.52,26700
872,2016-08-23 10:08:52,TRADE,12.52,500
873,2016-08-23 10:08:52,ASK,12.52,26200
874,2016-08-23 10:08:53,BID,12.51,53700
875,2016-08-23 10:08:55,ASK,12.52,21200
876,2016-08-23 10:08:55,BID,12.51,54200
877,2016-08-23 10:08:56,TRADE,12.51,4900
878,2016-08-23 10:08:56,TRADE,12.51,3100
879,2016-08-23 10:08:56,BID,12.51,46200
880,2016-08-23 10:08:56,ASK,12.52,26200
881,2016-08-23 10:08:56,BID,12.51,45700
882,2016-08-23 10:08:56,TRADE,12.51,100
883,2016-08-23 10:08:56,BID,12.51,45600
884,2016-08-23 10:08:56,BID,12.51,43600
885,2016-08-23 10:08:56,BID,12.51,41500
886,2016-08-23 10:08:56,TRADE,12.52,200
887,2016-08-23 10:08:56,TRADE,12.52,300
888,2016-08-23 10:08:56,TRADE,12.52,500
889,2016-08-23 10:08:56,TRADE,12.52,2000
890,2016-08-23 10:08:56,TRADE,12.52,100
891,2016-08-23 10:08:56,TRADE,12.52,500
892,2016-08-23 10:08:56,TRADE,12.52,2300
893,2016-08-23 10:08:56,ASK,12.52,20300
894,2016-08-23 10:08:56,ASK,12.52,20800
895,2016-08-23 10:08:56,BID,12.51,44000
896,2016-08-23 10:08:56,BID,12.51,45300
897,2016-08-23 10:08:59,TRADE,12.51,10000
898,2016-08-23 10:08:59,BID,12.51,35300
899,2016-08-23 10:08:59,TRADE,12.51,1800
900,2016-08-23 10:08:59,TRADE,12.51,5000
901,2016-08-23 10:08:59,TRADE,12.51,500
902,2016-08-23 10:08:59,TRADE,12.51,100
903,2016-08-23 10:08:59,TRADE,12.51,200
904,2016-08-23 10:08:59,TRADE,12.51,10000
905,2016-08-23 10:08:59,TRADE,12.51,6700
906,2016-08-23 10:08:59,BID,12.51,11000
907,2016-08-23 10:08:59,TRADE,12.51,3300
908,2016-08-23 10:08:59,TRADE,12.51,1700
909,2016-08-23 10:08:59,BID,12.51,6000
910,2016-08-23 10:08:59,TRADE,12.51,4700
911,2016-08-23 10:08:59,TRADE,12.51,1300
912,2016-08-23 10:08:59,BID,12.5,22200
913,2016-08-23 10:08:59,BID,12.5,17200
914,2016-08-23 10:08:59,ASK,12.51,5000
915,2016-08-23 10:08:59,ASK,12.51,5300
916,2016-08-23 10:08:59,ASK,12.51,5800
917,2016-08-23 10:08:59,BID,12.5,17700
918,2016-08-23 10:08:59,BID,12.5,18200
919,2016-08-23 10:08:59,BID,12.5,18700
920,2016-08-23 10:08:59,BID,12.5,18200
921,2016-08-23 10:08:59,BID,12.5,17700
922,2016-08-23 10:08:59,BID,12.5,17200
923,2016-08-23 10:08:59,BID,12.5,15200
924,2016-08-23 10:08:59,TRADE,12.51,2500
925,2016-08-23 10:08:59,ASK,12.51,3300
926,2016-08-23 10:08:59,TRADE,12.51,2500
927,2016-08-23 10:08:59,TRADE,12.51,300
928,2016-08-23 10:08:59,TRADE,12.51,500
929,2016-08-23 10:08:59,ASK,12.52,20800
930,2016-08-23 10:08:59,TRADE,12.52,1700
931,2016-08-23 10:08:59,TRADE,12.52,3000
932,2016-08-23 10:08:59,TRADE,12.52,600
933,2016-08-23 10:08:59,TRADE,12.52,1700
933,2016-08-23 10:08:59,ASK,12.52,13800
934,2016-08-23 10:08:59,ASK,12.51,300
935,2016-08-23 10:08:59,ASK,12.51,800
936,2016-08-23 10:08:59,BID,12.5,15700
937,2016-08-23 10:08:59,ASK,12.51,4200
938,2016-08-23 10:09:00,ASK,12.51,4600
939,2016-08-23 10:09:00,TRADE,12.5,200
940,2016-08-23 10:09:00,BID,12.5,15500
941,2016-08-23 10:09:00,BID,12.5,24700
942,2016-08-23 10:09:00,ASK,12.51,8600
943,2016-08-23 10:09:00,TRADE,12.51,300
944,2016-08-23 10:09:00,TRADE,12.51,200
945,2016-08-23 10:09:00,ASK,12.51,8100
946,2016-08-23 10:09:01,BID,12.5,24800
947,2016-08-23 10:09:01,TRADE,12.5,1000
948,2016-08-23 10:09:01,BID,12.5,23800
949,2016-08-23 10:09:01,BID,12.5,23300
950,2016-08-23 10:09:02,BID,12.5,23400
951,2016-08-23 10:09:04,TRADE,12.5,2000
952,2016-08-23 10:09:04,BID,12.5,21400
953,2016-08-23 10:09:04,TRADE,12.5,1700
954,2016-08-23 10:09:04,TRADE,12.5,1000
955,2016-08-23 10:09:04,TRADE,12.5,4800
956,2016-08-23 10:09:04,TRADE,12.5,2900
957,2016-08-23 10:09:04,TRADE,12.5,100
958,2016-08-23 10:09:04,TRADE,12.5,500
959,2016-08-23 10:09:04,TRADE,12.5,1000
960,2016-08-23 10:09:04,TRADE,12.5,6300
961,2016-08-23 10:09:04,BID,12.5,3100
962,2016-08-23 10:09:04,TRADE,12.5,3100
963,2016-08-23 10:09:04,BID,12.49,8200
964,2016-08-23 10:09:04,ASK,12.5,5000
965,2016-08-23 10:09:04,ASK,12.5,5500
966,2016-08-23 10:09:04,BID,12.49,8700
967,2016-08-23 10:09:04,BID,12.49,9200
968,2016-08-23 10:09:04,BID,12.49,9700
969,2016-08-23 10:09:04,BID,12.49,9600
970,2016-08-23 10:09:04,ASK,12.5,5700
971,2016-08-23 10:09:04,ASK,12.5,6100
972,2016-08-23 10:09:04,TRADE,12.49,100
973,2016-08-23 10:09:04,BID,12.49,9500
974,2016-08-23 10:09:04,TRADE,12.5,1700
975,2016-08-23 10:09:04,ASK,12.5,4400
976,2016-08-23 10:09:04,TRADE,12.5,2800
977,2016-08-23 10:09:04,ASK,12.5,1600
978,2016-08-23 10:09:04,BID,12.49,10000
979,2016-08-23 10:09:04,ASK,12.5,5700
980,2016-08-23 10:09:04,ASK,12.5,1600
981,2016-08-23 10:09:04,BID,12.49,12000
982,2016-08-23 10:09:04,ASK,12.5,1100
983,2016-08-23 10:09:04,ASK,12.5,600
984,2016-08-23 10:09:04,ASK,12.5,2800
985,2016-08-23 10:09:04,TRADE,12.49,4600
986,2016-08-23 10:09:04,BID,12.49,7400
987,2016-08-23 10:09:04,TRADE,12.49,300
988,2016-08-23 10:09:04,TRADE,12.49,1100
989,2016-08-23 10:09:04,BID,12.49,6000
990,2016-08-23 10:09:04,TRADE,12.49,1400
991,2016-08-23 10:09:04,TRADE,12.49,600
992,2016-08-23 10:09:04,TRADE,12.49,500
993,2016-08-23 10:09:04,TRADE,12.49,500
994,2016-08-23 10:09:04,TRADE,12.49,500
995,2016-08-23 10:09:04,TRADE,12.49,500
996,2016-08-23 10:09:04,BID,12.49,2000
997,2016-08-23 10:09:04,BID,12.49,7000
998,2016-08-23 10:09:04,ASK,12.5,3300
999,2016-08-23 10:09:04,ASK,12.5,7400
1000,2016-08-23 10:09:04,TRADE,12.5,200
1001,2016-08-23 10:09:04,TRADE,12.5,400
1002,2016-08-23 10:09:04,TRADE,12.5,2200
1003,2016-08-23 10:09:04,TRADE,12.5,500
1004,2016-08-23 10:09:04,TRADE,12.5,1300
1005,2016-08-23 10:09:04,ASK,12.5,2800
1006,2016-08-23 10:09:04,ASK,12.5,3300
1007,2016-08-23 10:09:04,ASK,12.5,8300
1008,2016-08-23 10:09:04,ASK,12.5,5500
1009,2016-08-23 10:09:04,ASK,12.5,9600
1010,2016-08-23 10:09:04,TRADE,12.5,500
1011,2016-08-23 10:09:04,TRADE,12.5,4900
1012,2016-08-23 10:09:04,ASK,12.5,4200
1013,2016-08-23 10:09:04,BID,12.49,8800
1014,2016-08-23 10:09:04,BID,12.49,9300
1015,2016-08-23 10:09:04,ASK,12.5,14200
1016,2016-08-23 10:09:04,BID,12.49,8800
1017,2016-08-23 10:09:04,BID,12.49,11500
1018,2016-08-23 10:09:05,BID,12.49,13500
1019,2016-08-23 10:09:05,TRADE,12.5,100
1020,2016-08-23 10:09:05,TRADE,12.5,1300
1021,2016-08-23 10:09:05,ASK,12.5,12800
1022,2016-08-23 10:09:05,ASK,12.5,17800
1023,2016-08-23 10:09:05,BID,12.49,20600
1024,2016-08-23 10:09:05,TRADE,12.49,1000
1025,2016-08-23 10:09:05,BID,12.49,19600
1026,2016-08-23 10:09:05,ASK,12.5,18000
1027,2016-08-23 10:09:06,TRADE,12.5,200
1028,2016-08-23 10:09:06,ASK,12.5,17800
1029,2016-08-23 10:09:06,BID,12.49,20100
1030,2016-08-23 10:09:06,TRADE,12.5,2600
1031,2016-08-23 10:09:06,TRADE,12.5,300
1032,2016-08-23 10:09:06,ASK,12.5,14900
1033,2016-08-23 10:09:06,BID,12.49,20800
1034,2016-08-23 10:09:06,BID,12.49,19800
1035,2016-08-23 10:09:06,BID,12.49,18000
1036,2016-08-23 10:09:06,BID,12.49,15300
1037,2016-08-23 10:09:06,TRADE,12.5,5200
1038,2016-08-23 10:09:06,ASK,12.5,9700
1039,2016-08-23 10:09:06,BID,12.49,20300
1040,2016-08-23 10:09:06,ASK,12.5,9800
1041,2016-08-23 10:09:07,TRADE,12.5,2300
1042,2016-08-23 10:09:07,ASK,12.5,7500
1043,2016-08-23 10:09:07,BID,12.49,20700
1044,2016-08-23 10:09:07,ASK,12.5,2500
1045,2016-08-23 10:09:07,BID,12.49,24900
1046,2016-08-23 10:09:07,BID,12.49,26200
1047,2016-08-23 10:09:07,BID,12.49,28100
1048,2016-08-23 10:09:07,ASK,12.5,2600
1049,2016-08-23 10:09:08,TRADE,12.5,2200
1050,2016-08-23 10:09:08,TRADE,12.5,200
1051,2016-08-23 10:09:08,TRADE,12.5,100
1052,2016-08-23 10:09:08,TRADE,12.5,100
1053,2016-08-23 10:09:08,ASK,12.51,21800
1054,2016-08-23 10:09:08,TRADE,12.51,300
1055,2016-08-23 10:09:08,TRADE,12.51,1600
1055,2016-08-23 10:09:08,ASK,12.51,19900
1056,2016-08-23 10:09:08,ASK,12.51,20000
1057,2016-08-23 10:09:08,ASK,12.51,14000
1058,2016-08-23 10:09:08,ASK,12.51,6000
1059,2016-08-23 10:09:08,BID,12.5,500
1060,2016-08-23 10:09:08,BID,12.5,5500
1061,2016-08-23 10:09:08,ASK,12.51,10100
1062,2016-08-23 10:09:08,BID,12.5,5800
1063,2016-08-23 10:09:08,BID,12.5,6200
1064,2016-08-23 10:09:08,ASK,12.51,6000
1065,2016-08-23 10:09:08,BID,12.5,16100
1067,2016-08-23 10:09:08,ASK,12.51,5900
1068,2016-08-23 10:09:08,BID,12.5,15700
1072,2016-08-23 10:09:09,TRADE,12.51,900
1073,2016-08-23 10:09:09,ASK,12.51,5000
1075,2016-08-23 10:09:09,BID,12.5,15800
1077,2016-08-23 10:09:10,TRADE,12.5,500
1078,2016-08-23 10:09:10,TRADE,12.5,500
1079,2016-08-23 10:09:10,BID,12.5,14800
1080,2016-08-23 10:09:10,ASK,12.51,5500
1081,2016-08-23 10:09:10,BID,12.5,18800
1082,2016-08-23 10:09:10,BID,12.5,19700
1083,2016-08-23 10:09:11,BID,12.5,20200
1084,2016-08-23 10:09:11,TRADE,12.51,300
1085,2016-08-23 10:09:11,ASK,12.51,5200
1086,2016-08-23 10:09:12,BID,12.5,21200
1087,2016-08-23 10:09:13,BID,12.5,20700
1088,2016-08-23 10:09:14,BID,12.5,22300
1089,2016-08-23 10:09:14,ASK,12.51,5100
1090,2016-08-23 10:09:15,BID,12.5,22800
1091,2016-08-23 10:09:16,BID,12.5,23400
1092,2016-08-23 10:09:16,TRADE,12.51,600
1093,2016-08-23 10:09:16,TRADE,12.51,1800
1094,2016-08-23 10:09:16,ASK,12.51,2700
1095,2016-08-23 10:09:16,ASK,12.51,7700
1096,2016-08-23 10:09:16,TRADE,12.51,2200
1097,2016-08-23 10:09:16,TRADE,12.51,500
1098,2016-08-23 10:09:16,TRADE,12.51,2400
1099,2016-08-23 10:09:16,ASK,12.51,2600
1100,2016-08-23 10:09:16,BID,12.5,23900
1101,2016-08-23 10:09:16,BID,12.5,28900
1102,2016-08-23 10:09:17,ASK,12.51,2700
1103,2016-08-23 10:09:17,BID,12.5,30600
1104,2016-08-23 10:09:19,TRADE,12.51,500
1105,2016-08-23 10:09:19,ASK,12.51,2200
1106,2016-08-23 10:09:21,TRADE,12.51,600
1107,2016-08-23 10:09:21,BID,12.5,30000
1108,2016-08-23 10:09:21,ASK,12.51,1600
1109,2016-08-23 10:09:21,TRADE,12.5,700
1110,2016-08-23 10:09:21,BID,12.5,29300
1111,2016-08-23 10:09:24,BID,12.5,29400
1112,2016-08-23 10:09:26,TRADE,12.51,1500
1113,2016-08-23 10:09:26,TRADE,12.51,100
1114,2016-08-23 10:09:26,BID,12.51,100
1115,2016-08-23 10:09:26,ASK,12.52,31800
1116,2016-08-23 10:09:26,ASK,12.52,32200
1117,2016-08-23 10:09:26,ASK,12.52,31700
1118,2016-08-23 10:09:26,BID,12.5,29400
1119,2016-08-23 10:09:26,ASK,12.52,37700
1120,2016-08-23 10:09:26,ASK,12.51,5000
1121,2016-08-23 10:09:26,BID,12.5,24400
1122,2016-08-23 10:09:29,BID,12.5,24500
1123,2016-08-23 10:09:30,TRADE,12.5,100
1124,2016-08-23 10:09:30,BID,12.5,24400
1125,2016-08-23 10:09:32,ASK,12.51,5100
1126,2016-08-23 10:09:32,ASK,12.51,9100
1127,2016-08-23 10:09:33,TRADE,12.5,600
1128,2016-08-23 10:09:33,BID,12.5,23800
1129,2016-08-23 10:09:34,BID,12.5,20700
1130,2016-08-23 10:09:34,BID,12.5,20200
1131,2016-08-23 10:09:34,BID,12.5,19900
1132,2016-08-23 10:09:34,BID,12.5,20100
1133,2016-08-23 10:09:36,ASK,12.51,12100
1134,2016-08-23 10:09:36,TRADE,12.5,2700
1135,2016-08-23 10:09:36,BID,12.5,17400
1136,2016-08-23 10:09:36,TRADE,12.5,7300
1137,2016-08-23 10:09:36,TRADE,12.5,2500
1138,2016-08-23 10:09:36,BID,12.5,7600
1139,2016-08-23 10:09:36,TRADE,12.5,1500
1140,2016-08-23 10:09:36,TRADE,12.5,900
1141,2016-08-23 10:09:36,TRADE,12.5,1000
1142,2016-08-23 10:09:36,TRADE,12.5,1600
1143,2016-08-23 10:09:36,TRADE,12.5,500
1144,2016-08-23 10:09:36,TRADE,12.5,1000
1145,2016-08-23 10:09:36,BID,12.5,1100
1146,2016-08-23 10:09:36,ASK,12.51,16200
1147,2016-08-23 10:09:36,ASK,12.51,12100
1148,2016-08-23 10:09:36,ASK,12.51,16200
1149,2016-08-23 10:09:36,ASK,12.51,24200
1150,2016-08-23 10:09:36,BID,12.5,4500
1151,2016-08-23 10:09:36,BID,12.5,6800
1152,2016-08-23 10:09:36,ASK,12.51,24400
1153,2016-08-23 10:09:36,ASK,12.51,20300
1154,2016-08-23 10:09:37,BID,12.5,10800
1155,2016-08-23 10:09:38,ASK,12.51,24300
1156,2016-08-23 10:09:40,BID,12.5,12800
1157,2016-08-23 10:09:41,TRADE,12.5,700
1158,2016-08-23 10:09:41,TRADE,12.5,100
1159,2016-08-23 10:09:41,TRADE,12.5,100
1160,2016-08-23 10:09:41,TRADE,12.5,200
1161,2016-08-23 10:09:41,TRADE,12.5,3400
1162,2016-08-23 10:09:41,TRADE,12.5,500
1163,2016-08-23 10:09:41,BID,12.5,7800
1165,2016-08-23 10:09:42,ASK,12.51,16300
1166,2016-08-23 10:09:42,BID,12.5,8600
1167,2016-08-23 10:09:42,ASK,12.51,16400
1168,2016-08-23 10:09:43,BID,12.5,8700
1169,2016-08-23 10:09:44,TRADE,12.51,2100
1170,2016-08-23 10:09:44,ASK,12.51,14300
1171,2016-08-23 10:09:44,BID,12.5,13700
1172,2016-08-23 10:09:44,BID,12.5,13800
1173,2016-08-23 10:09:45,BID,12.5,14200
1174,2016-08-23 10:09:46,BID,12.5,15700
1175,2016-08-23 10:09:47,ASK,12.51,22300
1176,2016-08-23 10:09:48,BID,12.5,19100
1177,2016-08-23 10:09:48,ASK,12.51,19400
1178,2016-08-23 10:09:48,BID,12.5,19200
1179,2016-08-23 10:09:49,TRADE,12.51,100
1180,2016-08-23 10:09:49,TRADE,12.51,4000
1181,2016-08-23 10:09:49,TRADE,12.51,900
1182,2016-08-23 10:09:49,ASK,12.51,14400
1183,2016-08-23 10:09:49,BID,12.5,19700
1184,2016-08-23 10:09:49,BID,12.5,21800
1185,2016-08-23 10:09:49,TRADE,12.51,2100
1186,2016-08-23 10:09:49,TRADE,12.51,200
1187,2016-08-23 10:09:49,TRADE,12.51,2700
1188,2016-08-23 10:09:49,ASK,12.51,9400
1189,2016-08-23 10:09:49,TRADE,12.51,1300
1190,2016-08-23 10:09:49,TRADE,12.51,100
1191,2016-08-23 10:09:49,TRADE,12.51,8000
1192,2016-08-23 10:09:49,ASK,12.52,54500
1193,2016-08-23 10:09:49,BID,12.51,5000
1194,2016-08-23 10:09:49,BID,12.51,5300
1196,2016-08-23 10:09:49,BID,12.51,5700
1197,2016-08-23 10:09:49,BID,12.51,6000
1198,2016-08-23 10:09:49,BID,12.51,6500
1199,2016-08-23 10:09:49,BID,12.51,6600
1200,2016-08-23 10:09:50,ASK,12.52,54700
1201,2016-08-23 10:09:50,BID,12.51,15200
1202,2016-08-23 10:09:51,BID,12.51,14900
1203,2016-08-23 10:09:52,BID,12.51,15000
1204,2016-08-23 10:09:55,ASK,12.52,54600
1205,2016-08-23 10:09:55,ASK,12.52,49600
1206,2016-08-23 10:09:55,ASK,12.52,50900
1207,2016-08-23 10:09:55,BID,12.51,20500
1209,2016-08-23 10:09:57,ASK,12.52,55900
1210,2016-08-23 10:09:57,BID,12.51,20600
1211,2016-08-23 10:10:00,TRADE,12.51,400
1212,2016-08-23 10:10:00,BID,12.51,20200
1213,2016-08-23 10:10:00,ASK,12.52,55700
1214,2016-08-23 10:10:00,BID,12.51,11900
1215,2016-08-23 10:10:00,TRADE,12.52,100
1216,2016-08-23 10:10:00,ASK,12.52,55600
1217,2016-08-23 10:10:00,BID,12.51,11800
1218,2016-08-23 10:10:00,TRADE,12.52,100
1219,2016-08-23 10:10:00,ASK,12.52,55500
1220,2016-08-23 10:10:00,BID,12.51,11700
1221,2016-08-23 10:10:01,BID,12.51,12900
1222,2016-08-23 10:10:01,ASK,12.52,57800
1223,2016-08-23 10:10:02,TRADE,12.52,1800
1224,2016-08-23 10:10:02,ASK,12.52,56000
1225,2016-08-23 10:10:02,BID,12.51,13300
1226,2016-08-23 10:10:03,TRADE,12.52,1300
1227,2016-08-23 10:10:03,TRADE,12.52,3700
1228,2016-08-23 10:10:03,ASK,12.52,51000
1229,2016-08-23 10:10:03,ASK,12.52,48700
1230,2016-08-23 10:10:03,TRADE,12.51,100
1231,2016-08-23 10:10:03,BID,12.51,13200
1232,2016-08-23 10:10:03,TRADE,12.51,1200
1233,2016-08-23 10:10:03,BID,12.51,12000
1234,2016-08-23 10:10:03,TRADE,12.51,300
1235,2016-08-23 10:10:03,BID,12.51,11700
1236,2016-08-23 10:10:03,TRADE,12.51,100
1237,2016-08-23 10:10:03,BID,12.51,11600
1238,2016-08-23 10:10:03,TRADE,12.52,1300
1239,2016-08-23 10:10:03,TRADE,12.52,3000
1240,2016-08-23 10:10:03,TRADE,12.52,4100
1241,2016-08-23 10:10:03,ASK,12.52,40300
1242,2016-08-23 10:10:03,BID,12.51,12000
1243,2016-08-23 10:10:04,ASK,12.52,40400
1244,2016-08-23 10:10:04,TRADE,12.52,2000
1245,2016-08-23 10:10:04,ASK,12.52,38400
1246,2016-08-23 10:10:04,BID,12.51,12400
1247,2016-08-23 10:10:05,BID,12.51,12800
1248,2016-08-23 10:10:06,ASK,12.52,23400
1249,2016-08-23 10:10:06,BID,12.51,13200
1250,2016-08-23 10:10:07,BID,12.51,13600
1251,2016-08-23 10:10:08,ASK,12.52,23500
1252,2016-08-23 10:10:08,TRADE,12.51,200
1253,2016-08-23 10:10:08,BID,12.51,13400
1254,2016-08-23 10:10:08,BID,12.51,13800
1255,2016-08-23 10:10:08,BID,12.51,14500
1256,2016-08-23 10:10:09,BID,12.51,16200
1257,2016-08-23 10:10:09,BID,12.51,16600
1261,2016-08-23 10:10:10,BID,12.51,17000
1262,2016-08-23 10:10:11,BID,12.51,17400
1263,2016-08-23 10:10:12,ASK,12.52,23600
1264,2016-08-23 10:10:12,ASK,12.52,18600
1265,2016-08-23 10:10:12,BID,12.51,17800
1266,2016-08-23 10:10:13,BID,12.51,18200
1267,2016-08-23 10:10:14,BID,12.51,18600
1268,2016-08-23 10:10:15,ASK,12.52,18700
1269,2016-08-23 10:10:15,BID,12.51,23100
1270,2016-08-23 10:10:17,BID,12.51,25100
1271,2016-08-23 10:10:18,TRADE,12.51,400
1272,2016-08-23 10:10:18,BID,12.51,24700
1273,2016-08-23 10:10:24,BID,12.51,24800
1274,2016-08-23 10:10:32,ASK,12.52,18800
1276,2016-08-23 10:10:34,TRADE,12.51,100
1277,2016-08-23 10:10:34,BID,12.51,24700
1280,2016-08-23 10:10:34,TRADE,12.52,3900
1281,2016-08-23 10:10:34,TRADE,12.52,100
1282,2016-08-23 10:10:34,ASK,12.52,14800
1283,2016-08-23 10:10:34,TRADE,12.52,4600
1284,2016-08-23 10:10:34,TRADE,12.52,6000
1285,2016-08-23 10:10:34,TRADE,12.52,1400
1286,2016-08-23 10:10:34,TRADE,12.52,1000
1287,2016-08-23 10:10:34,TRADE,12.52,1300
1288,2016-08-23 10:10:34,TRADE,12.52,100
1289,2016-08-23 10:10:34,TRADE,12.52,100
1290,2016-08-23 10:10:34,TRADE,12.52,100
1291,2016-08-23 10:10:34,TRADE,12.52,100
1292,2016-08-23 10:10:34,TRADE,12.52,100
1293,2016-08-23 10:10:34,ASK,12.53,45600
1294,2016-08-23 10:10:34,BID,12.52,300
1295,2016-08-23 10:10:34,BID,12.52,700
1296,2016-08-23 10:10:34,BID,12.52,1000
1297,2016-08-23 10:10:34,BID,12.52,1500
1298,2016-08-23 10:10:34,BID,12.52,6500
1299,2016-08-23 10:10:34,ASK,12.53,42600
1300,2016-08-23 10:10:34,ASK,12.53,42100
1301,2016-08-23 10:10:34,ASK,12.53,37600
1302,2016-08-23 10:10:34,BID,12.52,6600
1303,2016-08-23 10:10:34,BID,12.52,13400
1304,2016-08-23 10:10:34,BID,12.52,23400
1305,2016-08-23 10:10:34,ASK,12.53,32600
1306,2016-08-23 10:10:34,BID,12.52,23500
1307,2016-08-23 10:10:35,ASK,12.53,32800
1308,2016-08-23 10:10:35,ASK,12.53,30800
1309,2016-08-23 10:10:35,BID,12.52,25000
1310,2016-08-23 10:10:36,BID,12.52,26000
1311,2016-08-23 10:10:40,ASK,12.53,30400
1312,2016-08-23 10:10:42,ASK,12.53,30300
1313,2016-08-23 10:10:42,ASK,12.53,30200
1314,2016-08-23 10:10:46,BID,12.52,31100
1315,2016-08-23 10:10:46,TRADE,12.53,1000
1316,2016-08-23 10:10:46,ASK,12.53,29200
1317,2016-08-23 10:10:46,TRADE,12.53,2700
1318,2016-08-23 10:10:46,TRADE,12.53,5000
1319,2016-08-23 10:10:46,TRADE,12.53,10000
1320,2016-08-23 10:10:46,TRADE,12.53,11300
1321,2016-08-23 10:10:46,TRADE,12.53,200
1322,2016-08-23 10:10:46,ASK,12.54,31800
1323,2016-08-23 10:10:46,BID,12.53,300
1324,2016-08-23 10:10:46,BID,12.53,700
1325,2016-08-23 10:10:46,BID,12.53,1200
1326,2016-08-23 10:10:46,BID,12.53,1500
1327,2016-08-23 10:10:46,BID,12.53,5700
1328,2016-08-23 10:10:46,ASK,12.54,29600
1329,2016-08-23 10:10:46,BID,12.53,15700
1330,2016-08-23 10:10:46,ASK,12.54,26700
1331,2016-08-23 10:10:46,BID,12.53,15800
1332,2016-08-23 10:10:46,BID,12.53,25400
1333,2016-08-23 10:10:47,ASK,12.54,31700
1334,2016-08-23 10:10:47,BID,12.53,15800
1335,2016-08-23 10:10:47,TRADE,12.54,2200
1336,2016-08-23 10:10:47,TRADE,12.54,100
1337,2016-08-23 10:10:47,TRADE,12.54,3000
1338,2016-08-23 10:10:47,TRADE,12.54,2000
1339,2016-08-23 10:10:47,TRADE,12.54,100
1340,2016-08-23 10:10:47,TRADE,12.54,4400
1341,2016-08-23 10:10:47,ASK,12.54,19900
1342,2016-08-23 10:10:47,ASK,12.54,20300
1343,2016-08-23 10:10:47,ASK,12.54,24700
1344,2016-08-23 10:10:47,BID,12.53,5800
1345,2016-08-23 10:10:47,TRADE,12.54,3600
1346,2016-08-23 10:10:47,TRADE,12.54,2200
1347,2016-08-23 10:10:47,TRADE,12.54,5600
1348,2016-08-23 10:10:47,ASK,12.54,13300
1349,2016-08-23 10:10:47,ASK,12.54,11400
1350,2016-08-23 10:10:47,ASK,12.54,15400
1351,2016-08-23 10:10:47,BID,12.53,10800
1352,2016-08-23 10:10:48,BID,12.53,13000
1353,2016-08-23 10:10:48,TRADE,12.53,300
1354,2016-08-23 10:10:48,BID,12.53,12700
1355,2016-08-23 10:10:48,ASK,12.54,15500
1356,2016-08-23 10:10:48,BID,12.53,12800
1357,2016-08-23 10:10:48,BID,12.53,22800
1358,2016-08-23 10:10:48,ASK,12.54,11500
1359,2016-08-23 10:10:48,ASK,12.54,10500
1360,2016-08-23 10:10:48,TRADE,12.54,2400
1361,2016-08-23 10:10:48,TRADE,12.54,400
1362,2016-08-23 10:10:48,ASK,12.54,7700
1363,2016-08-23 10:10:48,ASK,12.54,2700
1364,2016-08-23 10:10:48,ASK,12.54,2200
1365,2016-08-23 10:10:49,BID,12.53,24900
1366,2016-08-23 10:10:49,TRADE,12.54,500
1367,2016-08-23 10:10:49,TRADE,12.54,100
1368,2016-08-23 10:10:49,TRADE,12.54,100
1369,2016-08-23 10:10:49,TRADE,12.54,400
1370,2016-08-23 10:10:49,TRADE,12.54,1000
1371,2016-08-23 10:10:49,TRADE,12.54,100
1372,2016-08-23 10:10:49,ASK,12.55,70200
1373,2016-08-23 10:10:49,TRADE,12.55,1600
1374,2016-08-23 10:10:49,TRADE,12.55,100
1375,2016-08-23 10:10:49,TRADE,12.55,300
1376,2016-08-23 10:10:49,TRADE,12.55,1300
1376,2016-08-23 10:10:49,ASK,12.55,66900
1377,2016-08-23 10:10:49,TRADE,12.55,3700
1378,2016-08-23 10:10:49,TRADE,12.55,2000
1379,2016-08-23 10:10:49,TRADE,12.55,1500
1380,2016-08-23 10:10:49,TRADE,12.55,2000
1381,2016-08-23 10:10:49,TRADE,12.55,800
1382,2016-08-23 10:10:49,ASK,12.55,56900
1383,2016-08-23 10:10:49,BID,12.54,300
1384,2016-08-23 10:10:49,BID,12.54,600
1385,2016-08-23 10:10:49,BID,12.54,1100
1386,2016-08-23 10:10:49,BID,12.54,1500
1387,2016-08-23 10:10:49,BID,12.54,6500
1389,2016-08-23 10:10:49,TRADE,12.54,200
1390,2016-08-23 10:10:49,BID,12.54,6300
1391,2016-08-23 10:10:49,ASK,12.55,54900
1392,2016-08-23 10:10:49,ASK,12.55,52900
1393,2016-08-23 10:10:49,TRADE,12.54,100
1394,2016-08-23 10:10:49,TRADE,12.54,300
1395,2016-08-23 10:10:49,TRADE,12.54,400
1396,2016-08-23 10:10:49,BID,12.54,5500
1397,2016-08-23 10:10:49,TRADE,12.54,100
1398,2016-08-23 10:10:49,TRADE,12.54,400
1399,2016-08-23 10:10:49,TRADE,12.54,500
1400,2016-08-23 10:10:49,BID,12.54,4500
1401,2016-08-23 10:10:49,BID,12.54,4800
1402,2016-08-23 10:10:49,BID,12.54,5100
1403,2016-08-23 10:10:49,BID,12.54,5600
1404,2016-08-23 10:10:49,BID,12.54,6000
1405,2016-08-23 10:10:49,TRADE,12.54,4500
1406,2016-08-23 10:10:49,TRADE,12.54,300
1407,2016-08-23 10:10:49,TRADE,12.54,300
1408,2016-08-23 10:10:49,TRADE,12.54,400
1409,2016-08-23 10:10:49,BID,12.54,500
1410,2016-08-23 10:10:49,BID,12.54,5500
1411,2016-08-23 10:10:49,BID,12.54,5800
1412,2016-08-23 10:10:49,BID,12.54,6100
1413,2016-08-23 10:10:49,TRADE,12.54,100
1414,2016-08-23 10:10:49,TRADE,12.54,300
1415,2016-08-23 10:10:49,BID,12.54,5700
1416,2016-08-23 10:10:49,BID,12.54,5600
1417,2016-08-23 10:10:49,TRADE,12.54,3600
1418,2016-08-23 10:10:49,BID,12.54,2000
1419,2016-08-23 10:10:49,BID,12.54,2500
1420,2016-08-23 10:10:49,BID,12.54,1100
1421,2016-08-23 10:10:49,TRADE,12.54,300
1422,2016-08-23 10:10:49,TRADE,12.54,300
1423,2016-08-23 10:10:49,TRADE,12.54,500
1424,2016-08-23 10:10:49,BID,12.53,26900
1425,2016-08-23 10:10:49,ASK,12.54,2900
1426,2016-08-23 10:10:49,TRADE,12.54,500
1427,2016-08-23 10:10:49,ASK,12.54,2400
1428,2016-08-23 10:10:49,ASK,12.54,7400
1429,2016-08-23 10:10:49,ASK,12.54,9400
1430,2016-08-23 10:10:49,ASK,12.54,7400
1431,2016-08-23 10:10:49,BID,12.53,29300
1432,2016-08-23 10:10:49,TRADE,12.54,200
1433,2016-08-23 10:10:49,ASK,12.54,7200
1434,2016-08-23 10:10:49,ASK,12.54,2200
1435,2016-08-23 10:10:49,TRADE,12.54,2200
1436,2016-08-23 10:10:49,BID,12.54,3600
1437,2016-08-23 10:10:49,ASK,12.55,52900
1438,2016-08-23 10:10:49,TRADE,12.54,1200
1439,2016-08-23 10:10:49,BID,12.54,2400
1440,2016-08-23 10:10:49,BID,12.54,2700
1441,2016-08-23 10:10:49,BID,12.54,3000
1442,2016-08-23 10:10:49,BID,12.54,3400
1443,2016-08-23 10:10:49,BID,12.54,3900
1444,2016-08-23 10:10:49,BID,12.54,1500
1445,2016-08-23 10:10:49,BID,12.54,1100
1446,2016-08-23 10:10:49,TRADE,12.54,200
1447,2016-08-23 10:10:49,BID,12.54,900
1448,2016-08-23 10:10:49,TRADE,12.55,2400
1449,2016-08-23 10:10:49,ASK,12.55,50500
1450,2016-08-23 10:10:49,ASK,12.55,55500
1451,2016-08-23 10:10:49,TRADE,12.54,100
1452,2016-08-23 10:10:49,TRADE,12.54,200
1453,2016-08-23 10:10:49,BID,12.54,600
1454,2016-08-23 10:10:49,BID,12.54,900
1455,2016-08-23 10:10:49,ASK,12.55,56000
1456,2016-08-23 10:10:49,TRADE,12.54,100
1457,2016-08-23 10:10:49,TRADE,12.54,500
1458,2016-08-23 10:10:49,BID,12.54,300
1459,2016-08-23 10:10:49,TRADE,12.54,300
1460,2016-08-23 10:10:49,BID,12.53,29300
1461,2016-08-23 10:10:49,BID,12.54,500
1462,2016-08-23 10:10:49,TRADE,12.54,300
1463,2016-08-23 10:10:49,BID,12.54,200
1464,2016-08-23 10:10:49,TRADE,12.54,200
1465,2016-08-23 10:10:49,BID,12.53,29300
1466,2016-08-23 10:10:49,ASK,12.54,4800
1467,2016-08-23 10:10:49,TRADE,12.54,500
1468,2016-08-23 10:10:49,ASK,12.54,4300
1469,2016-08-23 10:10:49,ASK,12.54,4700
1470,2016-08-23 10:10:49,TRADE,12.54,4300
1471,2016-08-23 10:10:49,TRADE,12.54,400
1472,2016-08-23 10:10:49,ASK,12.55,56000
1473,2016-08-23 10:10:49,TRADE,12.55,1300
1474,2016-08-23 10:10:49,TRADE,12.55,2500
1474,2016-08-23 10:10:49,ASK,12.55,52200
1475,2016-08-23 10:10:49,BID,12.54,500
1476,2016-08-23 10:10:49,ASK,12.55,49700
1477,2016-08-23 10:10:49,BID,12.54,800
1478,2016-08-23 10:10:49,TRADE,12.54,500
1479,2016-08-23 10:10:49,BID,12.54,300
1480,2016-08-23 10:10:49,BID,12.54,600
1481,2016-08-23 10:10:49,TRADE,12.54,300
1482,2016-08-23 10:10:49,BID,12.54,300
1483,2016-08-23 10:10:49,BID,12.54,800
1484,2016-08-23 10:10:49,TRADE,12.54,300
1485,2016-08-23 10:10:49,TRADE,12.54,200
1486,2016-08-23 10:10:49,BID,12.54,300
1487,2016-08-23 10:10:49,BID,12.54,600
1488,2016-08-23 10:10:49,BID,12.54,900
1489,2016-08-23 10:10:49,TRADE,12.54,300
1490,2016-08-23 10:10:49,BID,12.54,600
1491,2016-08-23 10:10:49,TRADE,12.54,300
1492,2016-08-23 10:10:49,BID,12.54,300
1493,2016-08-23 10:10:49,TRADE,12.54,300
1494,2016-08-23 10:10:49,BID,12.53,29300
1495,2016-08-23 10:10:49,BID,12.54,500
1496,2016-08-23 10:10:49,BID,12.54,800
1497,2016-08-23 10:10:49,TRADE,12.54,500
1498,2016-08-23 10:10:49,BID,12.54,300
1499,2016-08-23 10:10:49,BID,12.54,600
1500,2016-08-23 10:10:49,TRADE,12.54,300
1501,2016-08-23 10:10:49,BID,12.54,300
1502,2016-08-23 10:10:49,TRADE,12.54,300
1503,2016-08-23 10:10:49,BID,12.53,29300
1504,2016-08-23 10:10:49,BID,12.54,500
1505,2016-08-23 10:10:49,BID,12.54,800
1506,2016-08-23 10:10:49,BID,12.54,500
1507,2016-08-23 10:10:49,TRADE,12.54,500
1508,2016-08-23 10:10:49,BID,12.53,29300
1509,2016-08-23 10:10:49,BID,12.54,500
1510,2016-08-23 10:10:49,TRADE,12.54,500
1511,2016-08-23 10:10:49,BID,12.53,29300
1512,2016-08-23 10:10:49,BID,12.54,300
1513,2016-08-23 10:10:49,BID,12.54,800
1514,2016-08-23 10:10:49,TRADE,12.54,300
1515,2016-08-23 10:10:49,BID,12.54,500
1516,2016-08-23 10:10:49,TRADE,12.54,500
1517,2016-08-23 10:10:49,BID,12.53,29300
1518,2016-08-23 10:10:49,BID,12.54,300
1519,2016-08-23 10:10:49,BID,12.54,800
1520,2016-08-23 10:10:49,TRADE,12.54,300
1521,2016-08-23 10:10:49,BID,12.54,500
1522,2016-08-23 10:10:49,BID,12.54,800
1523,2016-08-23 10:10:49,TRADE,12.54,500
1524,2016-08-23 10:10:49,BID,12.54,300
1525,2016-08-23 10:10:49,BID,12.54,600
1526,2016-08-23 10:10:49,TRADE,12.54,300
1527,2016-08-23 10:10:49,BID,12.54,300
1528,2016-08-23 10:10:49,TRADE,12.54,300
1529,2016-08-23 10:10:49,BID,12.53,29300
1530,2016-08-23 10:10:49,BID,12.54,500
1531,2016-08-23 10:10:49,TRADE,12.54,500
1532,2016-08-23 10:10:49,BID,12.53,29300
1533,2016-08-23 10:10:49,BID,12.54,300
1534,2016-08-23 10:10:49,TRADE,12.54,300
1535,2016-08-23 10:10:49,BID,12.53,29300
1536,2016-08-23 10:10:49,ASK,12.54,1200
1537,2016-08-23 10:10:49,TRADE,12.54,1200
1538,2016-08-23 10:10:49,ASK,12.55,51700
1539,2016-08-23 10:10:49,TRADE,12.55,500
1540,2016-08-23 10:10:49,TRADE,12.55,2300
1540,2016-08-23 10:10:49,ASK,12.55,48900
1541,2016-08-23 10:10:49,BID,12.54,300
1542,2016-08-23 10:10:49,BID,12.54,800
1543,2016-08-23 10:10:49,TRADE,12.54,300
1544,2016-08-23 10:10:49,BID,12.54,500
1545,2016-08-23 10:10:49,BID,12.54,800
1546,2016-08-23 10:10:49,TRADE,12.54,500
1547,2016-08-23 10:10:49,BID,12.54,300
1548,2016-08-23 10:10:49,BID,12.54,600
1549,2016-08-23 10:10:49,TRADE,12.54,300
1550,2016-08-23 10:10:49,TRADE,12.54,300
1551,2016-08-23 10:10:49,BID,12.53,29300
1552,2016-08-23 10:10:49,BID,12.54,300
1553,2016-08-23 10:10:49,TRADE,12.54,300
1554,2016-08-23 10:10:49,BID,12.53,29300
1555,2016-08-23 10:10:49,BID,12.54,10000
1556,2016-08-23 10:10:50,ASK,12.55,48800
1557,2016-08-23 10:10:50,BID,12.54,15600
1558,2016-08-23 10:10:50,BID,12.54,20600
1559,2016-08-23 10:10:50,ASK,12.55,49400
1560,2016-08-23 10:10:50,BID,12.54,21100
1561,2016-08-23 10:10:50,BID,12.54,21300
1562,2016-08-23 10:10:51,TRADE,12.55,600
1563,2016-08-23 10:10:51,ASK,12.55,48800
1564,2016-08-23 10:10:53,BID,12.54,27300
1565,2016-08-23 10:10:56,BID,12.54,30600
1566,2016-08-23 10:10:56,ASK,12.55,46800
1567,2016-08-23 10:10:56,TRADE,12.55,17100
1568,2016-08-23 10:10:56,TRADE,12.55,100
1569,2016-08-23 10:10:56,TRADE,12.55,100
1570,2016-08-23 10:10:56,TRADE,12.55,15000
1571,2016-08-23 10:10:56,TRADE,12.55,7400
1572,2016-08-23 10:10:56,TRADE,12.55,1000
1573,2016-08-23 10:10:56,TRADE,12.55,5000
1574,2016-08-23 10:10:56,TRADE,12.55,500
1575,2016-08-23 10:10:56,TRADE,12.55,600
1576,2016-08-23 10:10:56,BID,12.55,3200
1577,2016-08-23 10:10:56,ASK,12.56,68300
1578,2016-08-23 10:10:56,BID,12.55,8200
1579,2016-08-23 10:10:56,BID,12.55,8500
1580,2016-08-23 10:10:56,ASK,12.56,68800
1581,2016-08-23 10:10:56,ASK,12.56,69300
1583,2016-08-23 10:10:56,ASK,12.56,68800
1584,2016-08-23 10:10:56,BID,12.55,9000
1585,2016-08-23 10:10:56,BID,12.55,8500
1586,2016-08-23 10:10:56,ASK,12.56,72800
1587,2016-08-23 10:10:57,BID,12.55,8700
1588,2016-08-23 10:10:57,BID,12.55,8800
1589,2016-08-23 10:10:57,BID,12.55,3800
1590,2016-08-23 10:10:57,BID,12.55,3500
1591,2016-08-23 10:10:57,BID,12.55,3900
1592,2016-08-23 10:10:57,BID,12.55,8900
1593,2016-08-23 10:10:57,TRADE,12.55,500
1594,2016-08-23 10:10:57,BID,12.55,8400
1595,2016-08-23 10:10:57,BID,12.55,8000
1596,2016-08-23 10:10:58,TRADE,12.56,1200
1597,2016-08-23 10:10:58,TRADE,12.56,7900
1598,2016-08-23 10:10:58,TRADE,12.56,900
1599,2016-08-23 10:10:58,ASK,12.56,62800
1600,2016-08-23 10:10:58,ASK,12.56,61300
1601,2016-08-23 10:10:58,BID,12.55,13000
1602,2016-08-23 10:10:58,BID,12.55,13500
1603,2016-08-23 10:10:58,BID,12.55,13700
1604,2016-08-23 10:10:58,ASK,12.56,59000
1605,2016-08-23 10:10:58,TRADE,12.56,1000
1606,2016-08-23 10:10:58,ASK,12.56,58000
1607,2016-08-23 10:10:58,TRADE,12.56,2600
1608,2016-08-23 10:10:58,TRADE,12.56,5000
1609,2016-08-23 10:10:58,TRADE,12.56,800
1610,2016-08-23 10:10:58,TRADE,12.56,2700
1611,2016-08-23 10:10:58,ASK,12.56,46900
1612,2016-08-23 10:10:58,ASK,12.56,46400
1613,2016-08-23 10:10:58,TRADE,12.56,1000
1614,2016-08-23 10:10:58,ASK,12.56,45400
1615,2016-08-23 10:10:58,ASK,12.56,49100
1616,2016-08-23 10:10:58,TRADE,12.56,1000
1617,2016-08-23 10:10:58,ASK,12.56,48100
1618,2016-08-23 10:10:58,TRADE,12.56,200
1619,2016-08-23 10:10:58,ASK,12.56,47900
1620,2016-08-23 10:10:58,TRADE,12.56,1000
1621,2016-08-23 10:10:58,ASK,12.56,46900
1622,2016-08-23 10:10:58,TRADE,12.56,1000
1623,2016-08-23 10:10:58,ASK,12.56,45900
1624,2016-08-23 10:10:58,TRADE,12.56,1100
1625,2016-08-23 10:10:58,TRADE,12.56,6900
1626,2016-08-23 10:10:58,ASK,12.56,37900
1627,2016-08-23 10:10:58,TRADE,12.56,2000
1628,2016-08-23 10:10:58,ASK,12.56,35900
1629,2016-08-23 10:10:58,ASK,12.56,40200
1630,2016-08-23 10:10:58,TRADE,12.55,400
1631,2016-08-23 10:10:58,BID,12.55,13300
1632,2016-08-23 10:10:58,BID,12.55,18300
1633,2016-08-23 10:10:58,TRADE,12.56,200
1634,2016-08-23 10:10:58,ASK,12.56,40000
1635,2016-08-23 10:10:58,TRADE,12.56,4100
1636,2016-08-23 10:10:58,ASK,12.56,35900
1637,2016-08-23 10:10:59,TRADE,12.56,1400
1638,2016-08-23 10:10:59,ASK,12.56,34500
1639,2016-08-23 10:10:59,ASK,12.56,34400
1640,2016-08-23 10:11:00,TRADE,12.56,200
1641,2016-08-23 10:11:00,ASK,12.56,34200
1642,2016-08-23 10:11:00,BID,12.55,18100
1643,2016-08-23 10:11:00,TRADE,12.56,100
1644,2016-08-23 10:11:00,ASK,12.56,34100
1645,2016-08-23 10:11:00,BID,12.55,18000
1646,2016-08-23 10:11:01,BID,12.55,13000
1647,2016-08-23 10:11:01,BID,12.55,14200
1648,2016-08-23 10:11:01,TRADE,12.56,1000
1649,2016-08-23 10:11:01,ASK,12.56,33100
1650,2016-08-23 10:11:01,TRADE,12.56,100
1651,2016-08-23 10:11:01,ASK,12.56,33000
1652,2016-08-23 10:11:03,TRADE,12.55,2300
1653,2016-08-23 10:11:03,TRADE,12.55,200
1654,2016-08-23 10:11:03,BID,12.55,11700
1655,2016-08-23 10:11:03,TRADE,12.56,100
1656,2016-08-23 10:11:03,ASK,12.56,32900
1657,2016-08-23 10:11:03,TRADE,12.55,100
1658,2016-08-23 10:11:03,BID,12.55,11600
1659,2016-08-23 10:11:03,TRADE,12.55,4700
1660,2016-08-23 10:11:03,TRADE,12.55,5000
1661,2016-08-23 10:11:03,TRADE,12.55,500
1662,2016-08-23 10:11:03,TRADE,12.55,200
1663,2016-08-23 10:11:03,TRADE,12.55,1200
1664,2016-08-23 10:11:03,BID,12.54,31300
1665,2016-08-23 10:11:03,TRADE,12.54,5000
1665,2016-08-23 10:11:03,BID,12.54,26300
1666,2016-08-23 10:11:03,BID,12.55,500
1667,2016-08-23 10:11:03,BID,12.55,5500
1668,2016-08-23 10:11:03,BID,12.55,5800
1669,2016-08-23 10:11:03,BID,12.55,6200
1670,2016-08-23 10:11:03,ASK,12.56,37900
1671,2016-08-23 10:11:03,ASK,12.56,38400
1672,2016-08-23 10:11:03,BID,12.55,6500
1673,2016-08-23 10:11:04,TRADE,12.56,200
1674,2016-08-23 10:11:04,ASK,12.56,38200
1675,2016-08-23 10:11:04,TRADE,12.56,5000
1676,2016-08-23 10:11:04,ASK,12.56,33200
1677,2016-08-23 10:11:04,ASK,12.56,32700
1678,2016-08-23 10:11:04,BID,12.55,12000
1679,2016-08-23 10:11:04,ASK,12.56,27700
1680,2016-08-23 10:11:04,TRADE,12.55,200
1681,2016-08-23 10:11:04,BID,12.55,11800
1682,2016-08-23 10:11:04,TRADE,12.56,1000
1683,2016-08-23 10:11:04,ASK,12.56,26700
1684,2016-08-23 10:11:07,TRADE,12.56,1700
1685,2016-08-23 10:11:07,TRADE,12.56,300
1686,2016-08-23 10:11:07,ASK,12.56,24700
1687,2016-08-23 10:11:08,TRADE,12.56,1000
1688,2016-08-23 10:11:08,ASK,12.56,23700
1689,2016-08-23 10:11:08,ASK,12.56,24200
1690,2016-08-23 10:11:08,BID,12.55,15100
1691,2016-08-23 10:11:09,TRADE,12.56,200
1692,2016-08-23 10:11:09,ASK,12.56,24000
1693,2016-08-23 10:11:09,TRADE,12.56,2000
1694,2016-08-23 10:11:09,ASK,12.56,22000
1695,2016-08-23 10:11:09,TRADE,12.55,300
1696,2016-08-23 10:11:09,TRADE,12.55,200
1697,2016-08-23 10:11:09,BID,12.55,14600
1698,2016-08-23 10:11:09,BID,12.55,15600
1699,2016-08-23 10:11:09,TRADE,12.55,100
1700,2016-08-23 10:11:09,BID,12.55,15500
1701,2016-08-23 10:11:10,ASK,12.56,23200
1702,2016-08-23 10:11:12,BID,12.55,15600
1703,2016-08-23 10:11:13,ASK,12.56,28200
1704,2016-08-23 10:11:14,TRADE,12.56,5000
1705,2016-08-23 10:11:14,ASK,12.56,23200
1706,2016-08-23 10:11:14,ASK,12.56,18200
1707,2016-08-23 10:11:14,TRADE,12.56,800
1708,2016-08-23 10:11:14,ASK,12.56,17400
1709,2016-08-23 10:11:14,ASK,12.56,16900
1710,2016-08-23 10:11:14,ASK,12.56,18200
1711,2016-08-23 10:11:15,ASK,12.56,16200
1712,2016-08-23 10:11:15,TRADE,12.55,600
1713,2016-08-23 10:11:15,BID,12.55,15000
1714,2016-08-23 10:11:15,ASK,12.56,21200
1715,2016-08-23 10:11:15,ASK,12.56,23200
1716,2016-08-23 10:11:15,BID,12.55,14700
1717,2016-08-23 10:11:16,ASK,12.56,23700
1718,2016-08-23 10:11:16,TRADE,12.55,100
1719,2016-08-23 10:11:16,BID,12.55,14600
1720,2016-08-23 10:11:16,BID,12.55,14300
1721,2016-08-23 10:11:16,BID,12.55,19300
1722,2016-08-23 10:11:17,TRADE,12.56,500
1723,2016-08-23 10:11:17,ASK,12.56,23200
1724,2016-08-23 10:11:18,BID,12.55,24300
1728,2016-08-23 10:11:20,BID,12.55,30300
1729,2016-08-23 10:11:20,ASK,12.56,21200
1730,2016-08-23 10:11:20,TRADE,12.55,500
1731,2016-08-23 10:11:20,BID,12.55,29800
1732,2016-08-23 10:11:20,ASK,12.56,23200
1733,2016-08-23 10:11:23,ASK,12.56,21200
1734,2016-08-23 10:11:23,TRADE,12.55,900
1735,2016-08-23 10:11:23,BID,12.55,28900
1736,2016-08-23 10:11:23,ASK,12.56,23200
1737,2016-08-23 10:11:24,BID,12.55,29900
1738,2016-08-23 10:11:25,TRADE,12.56,1200
1739,2016-08-23 10:11:25,TRADE,12.56,4000
1740,2016-08-23 10:11:25,TRADE,12.56,3700
1741,2016-08-23 10:11:25,TRADE,12.56,1100
1742,2016-08-23 10:11:25,ASK,12.56,13200
1743,2016-08-23 10:11:25,ASK,12.56,8200
1744,2016-08-23 10:11:25,ASK,12.56,13000
1745,2016-08-23 10:11:25,ASK,12.56,13100
1746,2016-08-23 10:11:26,BID,12.55,30000
1747,2016-08-23 10:11:27,ASK,12.56,12600
1748,2016-08-23 10:11:28,ASK,12.56,10600
1749,2016-08-23 10:11:28,TRADE,12.55,2000
1750,2016-08-23 10:11:28,BID,12.55,28000
1751,2016-08-23 10:11:28,BID,12.55,29500
1752,2016-08-23 10:11:28,ASK,12.56,10500
1753,2016-08-23 10:11:28,TRADE,12.55,200
1754,2016-08-23 10:11:28,BID,12.55,29300
1755,2016-08-23 10:11:29,TRADE,12.55,200
1756,2016-08-23 10:11:29,BID,12.55,29100
1757,2016-08-23 10:11:29,BID,12.55,27600
1758,2016-08-23 10:11:30,TRADE,12.56,2000
1759,2016-08-23 10:11:30,ASK,12.56,8500
1760,2016-08-23 10:11:30,ASK,12.56,7300
1761,2016-08-23 10:11:30,ASK,12.56,2500
1762,2016-08-23 10:11:30,TRADE,12.56,1200
1763,2016-08-23 10:11:30,TRADE,12.56,1300
1764,2016-08-23 10:11:30,BID,12.56,6500
1765,2016-08-23 10:11:30,ASK,12.57,55100
1766,2016-08-23 10:11:30,BID,12.56,11500
1767,2016-08-23 10:11:30,ASK,12.57,55000
1769,2016-08-23 10:11:30,ASK,12.57,57000
1770,2016-08-23 10:11:30,ASK,12.57,57500
1771,2016-08-23 10:11:30,BID,12.56,11600
1772,2016-08-23 10:11:31,BID,12.56,17200
1773,2016-08-23 10:11:31,TRADE,12.56,400
1774,2016-08-23 10:11:31,BID,12.56,16800
1775,2016-08-23 10:11:31,TRADE,12.56,300
1776,2016-08-23 10:11:31,BID,12.56,16500
1777,2016-08-23 10:11:31,TRADE,12.56,5800
1778,2016-08-23 10:11:31,TRADE,12.56,5000
1779,2016-08-23 10:11:31,TRADE,12.56,100
1780,2016-08-23 10:11:31,TRADE,12.56,5600
1781,2016-08-23 10:11:31,BID,12.55,27700
1782,2016-08-23 10:11:31,ASK,12.56,5000
1783,2016-08-23 10:11:31,ASK,12.56,5300
1784,2016-08-23 10:11:31,ASK,12.56,5600
1785,2016-08-23 10:11:31,BID,12.55,22700
1786,2016-08-23 10:11:31,ASK,12.56,10400
1787,2016-08-23 10:11:31,ASK,12.56,10800
1789,2016-08-23 10:11:31,ASK,12.56,11000
1790,2016-08-23 10:11:31,ASK,12.56,12200
1791,2016-08-23 10:11:32,ASK,12.56,12700
1792,2016-08-23 10:11:32,BID,12.55,24600
1793,2016-08-23 10:11:32,BID,12.55,26600
1794,2016-08-23 10:11:32,ASK,12.56,12900
1795,2016-08-23 10:11:33,TRADE,12.56,5000
1796,2016-08-23 10:11:33,ASK,12.56,7900
1797,2016-08-23 10:11:33,ASK,12.56,7400
1798,2016-08-23 10:11:33,TRADE,12.56,300
1799,2016-08-23 10:11:33,TRADE,12.56,300
1800,2016-08-23 10:11:33,TRADE,12.56,2700
1801,2016-08-23 10:11:33,BID,12.55,23300
1802,2016-08-23 10:11:33,ASK,12.56,4100
1803,2016-08-23 10:11:33,ASK,12.56,4400
1804,2016-08-23 10:11:33,ASK,12.56,4700
1805,2016-08-23 10:11:33,ASK,12.56,4300
1806,2016-08-23 10:11:33,ASK,12.56,7200
1807,2016-08-23 10:11:33,ASK,12.56,7300
1808,2016-08-23 10:11:33,ASK,12.56,12300
1809,2016-08-23 10:11:33,ASK,12.56,12800
1810,2016-08-23 10:11:36,TRADE,12.55,200
1811,2016-08-23 10:11:36,BID,12.55,23100
1812,2016-08-23 10:11:36,BID,12.55,28100
1813,2016-08-23 10:11:36,BID,12.55,28200
1817,2016-08-23 10:11:39,ASK,12.56,10700
1818,2016-08-23 10:11:39,ASK,12.56,7800
1819,2016-08-23 10:11:39,ASK,12.56,7300
1820,2016-08-23 10:11:39,ASK,12.56,2300
1821,2016-08-23 10:11:40,TRADE,12.56,200
1822,2016-08-23 10:11:40,TRADE,12.56,800
1823,2016-08-23 10:11:40,ASK,12.56,1300
1824,2016-08-23 10:11:40,ASK,12.56,1000
1825,2016-08-23 10:11:40,ASK,12.56,700
1826,2016-08-23 10:11:41,ASK,12.56,15700
1827,2016-08-23 10:11:41,TRADE,12.55,400
1828,2016-08-23 10:11:41,TRADE,12.55,1000
1829,2016-08-23 10:11:41,TRADE,12.55,5000
1830,2016-08-23 10:11:41,TRADE,12.55,3600
1831,2016-08-23 10:11:41,BID,12.55,18200
1832,2016-08-23 10:11:41,ASK,12.56,16200
1833,2016-08-23 10:11:41,ASK,12.56,21200
1834,2016-08-23 10:11:41,ASK,12.56,23400
1835,2016-08-23 10:11:41,ASK,12.56,23500
1836,2016-08-23 10:11:42,BID,12.55,19200
1837,2016-08-23 10:11:43,BID,12.55,19600
1838,2016-08-23 10:11:46,TRADE,12.56,400
1839,2016-08-23 10:11:46,TRADE,12.56,200
1840,2016-08-23 10:11:46,TRADE,12.56,100
1841,2016-08-23 10:11:46,TRADE,12.56,2300
1842,2016-08-23 10:11:46,ASK,12.56,20500
1843,2016-08-23 10:11:47,ASK,12.56,15500
1844,2016-08-23 10:11:47,TRADE,12.55,100
1845,2016-08-23 10:11:47,BID,12.55,19500
1846,2016-08-23 10:11:47,TRADE,12.55,300
1847,2016-08-23 10:11:47,BID,12.55,19200
1848,2016-08-23 10:11:47,ASK,12.56,20500
1849,2016-08-23 10:11:47,TRADE,12.55,100
1850,2016-08-23 10:11:47,BID,12.55,19100
1854,2016-08-23 10:11:48,TRADE,12.56,400
1855,2016-08-23 10:11:48,ASK,12.56,20100
1856,2016-08-23 10:11:48,BID,12.55,19200
1857,2016-08-23 10:11:49,TRADE,12.56,5000
1858,2016-08-23 10:11:49,ASK,12.56,15100
1859,2016-08-23 10:11:49,ASK,12.56,10100
1860,2016-08-23 10:11:49,ASK,12.56,10200
1861,2016-08-23 10:11:49,ASK,12.56,15200
1862,2016-08-23 10:11:54,TRADE,12.55,500
1863,2016-08-23 10:11:54,BID,12.55,18700
1864,2016-08-23 10:11:54,TRADE,12.55,200
1865,2016-08-23 10:11:54,BID,12.55,18500
1866,2016-08-23 10:11:54,TRADE,12.55,200
1867,2016-08-23 10:11:54,TRADE,12.55,100
1868,2016-08-23 10:11:54,BID,12.55,18200
1869,2016-08-23 10:11:54,TRADE,12.55,1200
1870,2016-08-23 10:11:54,BID,12.55,17000
1871,2016-08-23 10:11:54,TRADE,12.55,1200
1872,2016-08-23 10:11:54,BID,12.55,15800
1873,2016-08-23 10:11:54,ASK,12.56,20000
1874,2016-08-23 10:11:54,BID,12.55,10800
1875,2016-08-23 10:11:54,BID,12.55,40800
1876,2016-08-23 10:11:54,BID,12.55,45800
1877,2016-08-23 10:11:54,ASK,12.56,15200
1878,2016-08-23 10:11:54,TRADE,12.55,500
1879,2016-08-23 10:11:54,BID,12.55,45300
1880,2016-08-23 10:11:54,TRADE,12.56,1400
1881,2016-08-23 10:11:54,ASK,12.56,13800
1882,2016-08-23 10:11:55,TRADE,12.55,3000
1883,2016-08-23 10:11:55,BID,12.55,42300
1884,2016-08-23 10:11:55,BID,12.55,43600
1885,2016-08-23 10:11:55,ASK,12.56,13900
1886,2016-08-23 10:11:57,ASK,12.56,23900
1887,2016-08-23 10:12:00,ASK,12.56,47900
1888,2016-08-23 10:12:00,BID,12.55,38600
1889,2016-08-23 10:12:00,TRADE,12.56,200
1890,2016-08-23 10:12:00,ASK,12.56,47700
1891,2016-08-23 10:12:00,BID,12.55,38400
1892,2016-08-23 10:12:01,BID,12.55,38900
1893,2016-08-23 10:12:01,BID,12.55,39800
1894,2016-08-23 10:12:01,TRADE,12.56,5700
1895,2016-08-23 10:12:01,TRADE,12.56,300
1896,2016-08-23 10:12:01,ASK,12.56,41700
1897,2016-08-23 10:12:01,BID,12.55,44800
1900,2016-08-23 10:12:04,TRADE,12.56,200
1901,2016-08-23 10:12:04,TRADE,12.56,300
1902,2016-08-23 10:12:04,ASK,12.56,41200
1903,2016-08-23 10:12:04,ASK,12.56,41700
1904,2016-08-23 10:12:06,BID,12.55,45800
1905,2016-08-23 10:12:07,BID,12.55,44800
1906,2016-08-23 10:12:07,TRADE,12.56,500
1907,2016-08-23 10:12:07,ASK,12.56,41200
1908,2016-08-23 10:12:09,ASK,12.56,48600
1909,2016-08-23 10:12:09,BID,12.55,39800
1910,2016-08-23 10:12:11,BID,12.55,45300
1911,2016-08-23 10:12:11,BID,12.55,46300
1912,2016-08-23 10:12:11,BID,12.55,48300
1913,2016-08-23 10:12:11,BID,12.55,53300
1914,2016-08-23 10:12:11,ASK,12.56,49600
1915,2016-08-23 10:12:12,BID,12.55,53400
1916,2016-08-23 10:12:13,BID,12.55,48400
1917,2016-08-23 10:12:15,ASK,12.56,49700
1918,2016-08-23 10:12:15,TRADE,12.56,100
1919,2016-08-23 10:12:15,ASK,12.56,49600
1920,2016-08-23 10:12:15,BID,12.55,48300
1921,2016-08-23 10:12:16,TRADE,12.56,200
1922,2016-08-23 10:12:16,ASK,12.56,49400
1923,2016-08-23 10:12:16,BID,12.55,53300
1924,2016-08-23 10:12:17,BID,12.55,54800
1925,2016-08-23 10:12:18,TRADE,12.56,1100
1926,2016-08-23 10:12:18,TRADE,12.56,100
1927,2016-08-23 10:12:18,TRADE,12.56,100
1928,2016-08-23 10:12:18,TRADE,12.56,900
1929,2016-08-23 10:12:18,ASK,12.56,47200
1930,2016-08-23 10:12:18,TRADE,12.56,4100
1931,2016-08-23 10:12:18,TRADE,12.56,100
1932,2016-08-23 10:12:18,TRADE,12.56,10000
1933,2016-08-23 10:12:18,TRADE,12.56,24000
1934,2016-08-23 10:12:18,TRADE,12.56,500
1935,2016-08-23 10:12:18,TRADE,12.56,7400
1936,2016-08-23 10:12:18,TRADE,12.56,1000
1937,2016-08-23 10:12:18,TRADE,12.56,100
1938,2016-08-23 10:12:18,ASK,12.57,30500
1939,2016-08-23 10:12:18,BID,12.55,55300
1940,2016-08-23 10:12:18,BID,12.56,5000
1943,2016-08-23 10:12:18,BID,12.56,5500
1944,2016-08-23 10:12:18,BID,12.56,5800
1945,2016-08-23 10:12:18,BID,12.56,6100
1946,2016-08-23 10:12:18,ASK,12.57,30400
1947,2016-08-23 10:12:18,ASK,12.57,29900
1948,2016-08-23 10:12:18,ASK,12.57,28400
1949,2016-08-23 10:12:19,BID,12.56,11300
1950,2016-08-23 10:12:19,TRADE,12.56,500
1951,2016-08-23 10:12:19,BID,12.56,10800
1952,2016-08-23 10:12:19,BID,12.56,10500
1953,2016-08-23 10:12:19,ASK,12.57,28900
1954,2016-08-23 10:12:19,BID,12.56,10200
1955,2016-08-23 10:12:19,BID,12.56,9700
1956,2016-08-23 10:12:19,BID,12.56,10200
1957,2016-08-23 10:12:20,ASK,12.57,28800
1958,2016-08-23 10:12:21,BID,12.56,11200
1959,2016-08-23 10:12:21,TRADE,12.56,4500
1960,2016-08-23 10:12:21,TRADE,12.56,5200
1961,2016-08-23 10:12:21,TRADE,12.56,300
1962,2016-08-23 10:12:21,BID,12.56,1200
1963,2016-08-23 10:12:21,BID,12.56,1000
1964,2016-08-23 10:12:22,TRADE,12.56,100
1965,2016-08-23 10:12:22,BID,12.56,900
1966,2016-08-23 10:12:22,TRADE,12.56,900
1967,2016-08-23 10:12:22,BID,12.55,59400
1968,2016-08-23 10:12:22,BID,12.55,54400
1969,2016-08-23 10:12:22,ASK,12.57,30300
1970,2016-08-23 10:12:22,BID,12.56,1500
1971,2016-08-23 10:12:22,BID,12.56,3900
1972,2016-08-23 10:12:24,BID,12.56,4000
1973,2016-08-23 10:12:25,BID,12.56,4500
1974,2016-08-23 10:12:25,BID,12.56,9500
1975,2016-08-23 10:12:26,TRADE,12.57,300
1976,2016-08-23 10:12:26,TRADE,12.57,5000
1977,2016-08-23 10:12:26,TRADE,12.57,1000
1978,2016-08-23 10:12:26,TRADE,12.57,2800
1979,2016-08-23 10:12:26,TRADE,12.57,4100
1980,2016-08-23 10:12:26,TRADE,12.57,6800
1981,2016-08-23 10:12:26,ASK,12.57,10300
1982,2016-08-23 10:12:26,TRADE,12.57,1200
1983,2016-08-23 10:12:26,TRADE,12.57,800
1984,2016-08-23 10:12:26,ASK,12.57,8300
1985,2016-08-23 10:12:26,ASK,12.57,7800
1986,2016-08-23 10:12:26,ASK,12.57,6600
1987,2016-08-23 10:12:26,ASK,12.57,11200
1988,2016-08-23 10:12:26,BID,12.56,14500
1989,2016-08-23 10:12:26,TRADE,12.56,1500
1990,2016-08-23 10:12:26,TRADE,12.56,1500
1991,2016-08-23 10:12:26,BID,12.56,11500
1992,2016-08-23 10:12:26,ASK,12.57,16200
1993,2016-08-23 10:12:26,BID,12.56,6500
1994,2016-08-23 10:12:26,BID,12.56,8000
1995,2016-08-23 10:12:26,ASK,12.57,14700
1996,2016-08-23 10:12:26,BID,12.56,8400
1997,2016-08-23 10:12:26,BID,12.56,8700
1998,2016-08-23 10:12:26,BID,12.56,9000
1999,2016-08-23 10:12:26,ASK,12.57,9700
2000,2016-08-23 10:12:27,ASK,12.57,9600
2001,2016-08-23 10:12:27,ASK,12.57,9900
2002,2016-08-23 10:12:27,BID,12.56,10300
2003,2016-08-23 10:12:28,ASK,12.57,5300
2004,2016-08-23 10:12:28,ASK,12.57,10300
2005,2016-08-23 10:12:29,ASK,12.57,15300
2006,2016-08-23 10:12:30,ASK,12.57,20300
2007,2016-08-23 10:12:32,TRADE,12.56,900
2008,2016-08-23 10:12:32,TRADE,12.56,100
2009,2016-08-23 10:12:32,TRADE,12.56,500
2010,2016-08-23 10:12:32,TRADE,12.56,3100
2011,2016-08-23 10:12:32,BID,12.56,5700
2012,2016-08-23 10:12:32,TRADE,12.56,1900
2013,2016-08-23 10:12:32,TRADE,12.56,1500
2014,2016-08-23 10:12:32,TRADE,12.56,400
2015,2016-08-23 10:12:32,TRADE,12.56,200
2016,2016-08-23 10:12:32,BID,12.56,1700
2017,2016-08-23 10:12:32,TRADE,12.56,100
2018,2016-08-23 10:12:32,TRADE,12.56,300
2019,2016-08-23 10:12:32,TRADE,12.56,400
2020,2016-08-23 10:12:32,BID,12.56,900
2021,2016-08-23 10:12:32,TRADE,12.56,900
2022,2016-08-23 10:12:32,BID,12.55,74400
2023,2016-08-23 10:12:32,ASK,12.56,500
2024,2016-08-23 10:12:32,TRADE,12.56,500
2025,2016-08-23 10:12:32,ASK,12.57,20300
2026,2016-08-23 10:12:32,ASK,12.57,20800
2027,2016-08-23 10:12:32,BID,12.56,300
2028,2016-08-23 10:12:32,BID,12.55,59900
2029,2016-08-23 10:12:33,BID,12.55,58900
2030,2016-08-23 10:12:33,BID,12.55,59300
2031,2016-08-23 10:12:33,TRADE,12.57,2000
2032,2016-08-23 10:12:33,ASK,12.57,18800
2033,2016-08-23 10:12:33,ASK,12.57,23400
2034,2016-08-23 10:12:33,BID,12.56,1000
2035,2016-08-23 10:12:33,ASK,12.57,18800
2036,2016-08-23 10:12:33,ASK,12.57,18900
2037,2016-08-23 10:12:33,BID,12.56,6000
2038,2016-08-23 10:12:33,BID,12.56,6300
2039,2016-08-23 10:12:34,BID,12.56,6600
2040,2016-08-23 10:12:34,ASK,12.57,26400
2041,2016-08-23 10:12:34,BID,12.56,7000
2042,2016-08-23 10:12:35,ASK,12.57,33400
2043,2016-08-23 10:12:35,BID,12.56,6600
2044,2016-08-23 10:12:36,TRADE,12.56,1000
2045,2016-08-23 10:12:36,TRADE,12.56,1000
2046,2016-08-23 10:12:36,BID,12.56,4600
2047,2016-08-23 10:12:36,BID,12.56,4300
2048,2016-08-23 10:12:36,BID,12.56,300
2049,2016-08-23 10:12:36,BID,12.55,66300
2050,2016-08-23 10:12:36,BID,12.55,61300
2051,2016-08-23 10:12:36,ASK,12.56,4600
2052,2016-08-23 10:12:36,ASK,12.57,33400
2053,2016-08-23 10:12:36,BID,12.56,2000
2054,2016-08-23 10:12:37,ASK,12.57,34900
2055,2016-08-23 10:12:38,TRADE,12.56,200
2056,2016-08-23 10:12:38,BID,12.56,1800
2057,2016-08-23 10:12:38,BID,12.56,41800
2058,2016-08-23 10:12:38,BID,12.56,46800
2059,2016-08-23 10:12:42,ASK,12.57,35900
2060,2016-08-23 10:12:45,BID,12.56,48100
2061,2016-08-23 10:12:46,ASK,12.57,35400
2062,2016-08-23 10:12:46,TRADE,12.56,200
2063,2016-08-23 10:12:46,BID,12.56,47900
2064,2016-08-23 10:12:47,BID,12.56,48600
2065,2016-08-23 10:12:48,BID,12.56,48700
2066,2016-08-23 10:12:49,TRADE,12.56,1600
2067,2016-08-23 10:12:49,TRADE,12.56,8400
2068,2016-08-23 10:12:49,BID,12.56,38700
2069,2016-08-23 10:12:49,BID,12.56,39700
2070,2016-08-23 10:12:49,ASK,12.57,35500
2071,2016-08-23 10:12:50,TRADE,12.56,5000
2072,2016-08-23 10:12:50,BID,12.56,34700
2073,2016-08-23 10:12:51,BID,12.56,36700
2074,2016-08-23 10:12:51,ASK,12.57,40500
2075,2016-08-23 10:12:56,ASK,12.57,41000
2076,2016-08-23 10:12:57,ASK,12.57,48500
2077,2016-08-23 10:12:58,TRADE,12.56,5000
2078,2016-08-23 10:12:58,BID,12.56,31700
2079,2016-08-23 10:12:58,BID,12.56,26700
2080,2016-08-23 10:12:59,ASK,12.57,50500
2081,2016-08-23 10:13:00,TRADE,12.57,1000
2082,2016-08-23 10:13:00,ASK,12.57,49500
2083,2016-08-23 10:13:00,TRADE,12.57,100
2084,2016-08-23 10:13:00,ASK,12.57,49400
2085,2016-08-23 10:13:00,BID,12.56,26600
2086,2016-08-23 10:13:00,ASK,12.57,47900
2087,2016-08-23 10:13:00,BID,12.56,31600
2088,2016-08-23 10:13:00,BID,12.56,33600
2089,2016-08-23 10:13:01,ASK,12.57,48000
2090,2016-08-23 10:13:01,TRADE,12.57,1900
2091,2016-08-23 10:13:01,TRADE,12.57,100
2092,2016-08-23 10:13:01,ASK,12.57,46000
2093,2016-08-23 10:13:03,TRADE,12.57,200
2094,2016-08-23 10:13:03,TRADE,12.57,2000
2095,2016-08-23 10:13:03,ASK,12.57,43800
2096,2016-08-23 10:13:04,BID,12.56,33700
2097,2016-08-23 10:13:05,TRADE,12.57,3000
2098,2016-08-23 10:13:05,TRADE,12.57,4400
2099,2016-08-23 10:13:05,ASK,12.57,36400
2100,2016-08-23 10:13:05,ASK,12.57,31400
2101,2016-08-23 10:13:05,ASK,12.57,30900
2102,2016-08-23 10:13:07,TRADE,12.57,600
2103,2016-08-23 10:13:07,TRADE,12.57,100
2104,2016-08-23 10:13:07,TRADE,12.57,2300
2105,2016-08-23 10:13:07,ASK,12.57,27900
2106,2016-08-23 10:13:08,ASK,12.57,28100
2107,2016-08-23 10:13:08,TRADE,12.57,4000
2108,2016-08-23 10:13:08,ASK,12.57,24100
2109,2016-08-23 10:13:09,TRADE,12.56,2000
2110,2016-08-23 10:13:09,BID,12.56,31700
2111,2016-08-23 10:13:09,TRADE,12.57,400
2112,2016-08-23 10:13:09,ASK,12.57,23700
2113,2016-08-23 10:13:13,BID,12.56,31800
2114,2016-08-23 10:13:13,TRADE,12.56,19600
2115,2016-08-23 10:13:13,TRADE,12.56,1300
2116,2016-08-23 10:13:13,TRADE,12.56,700
2117,2016-08-23 10:13:13,TRADE,12.56,1000
2118,2016-08-23 10:13:13,TRADE,12.56,2000
2119,2016-08-23 10:13:13,TRADE,12.56,5000
2120,2016-08-23 10:13:13,TRADE,12.56,2000
2121,2016-08-23 10:13:13,TRADE,12.56,100
2122,2016-08-23 10:13:13,TRADE,12.56,100
2123,2016-08-23 10:13:13,BID,12.55,76500
2124,2016-08-23 10:13:13,ASK,12.56,18200
2125,2016-08-23 10:13:13,BID,12.55,71500
2126,2016-08-23 10:13:13,BID,12.55,70500
2127,2016-08-23 10:13:13,BID,12.55,64500
2128,2016-08-23 10:13:14,ASK,12.56,18700
2129,2016-08-23 10:13:14,ASK,12.56,18800
2130,2016-08-23 10:13:16,BID,12.55,64300
2131,2016-08-23 10:13:16,TRADE,12.56,2000
2132,2016-08-23 10:13:16,ASK,12.56,16800
2133,2016-08-23 10:13:16,TRADE,12.56,16200
2134,2016-08-23 10:13:16,TRADE,12.56,500
2135,2016-08-23 10:13:16,TRADE,12.56,100
2136,2016-08-23 10:13:16,ASK,12.56,25000
2137,2016-08-23 10:13:16,TRADE,12.56,2000
2138,2016-08-23 10:13:16,ASK,12.56,23000
2139,2016-08-23 10:13:16,BID,12.55,64800
2140,2016-08-23 10:13:16,TRADE,12.56,1000
2141,2016-08-23 10:13:16,ASK,12.56,22000
2142,2016-08-23 10:13:17,TRADE,12.56,1800
2143,2016-08-23 10:13:17,ASK,12.56,20200
2144,2016-08-23 10:13:17,ASK,12.56,20400
2145,2016-08-23 10:13:18,TRADE,12.56,700
2146,2016-08-23 10:13:18,ASK,12.56,19700
2147,2016-08-23 10:13:18,TRADE,12.56,10000
2148,2016-08-23 10:13:18,ASK,12.56,9700
2149,2016-08-23 10:13:18,TRADE,12.56,9500
2150,2016-08-23 10:13:18,TRADE,12.56,200
2151,2016-08-23 10:13:18,ASK,12.56,25000
2152,2016-08-23 10:13:18,TRADE,12.56,5000
2153,2016-08-23 10:13:18,ASK,12.56,20000
2154,2016-08-23 10:13:18,TRADE,12.56,9700
2155,2016-08-23 10:13:18,ASK,12.56,10300
2156,2016-08-23 10:13:18,BID,12.55,69800
2157,2016-08-23 10:13:18,TRADE,12.56,10300
2158,2016-08-23 10:13:18,ASK,12.56,25000
2159,2016-08-23 10:13:18,BID,12.55,69000
2160,2016-08-23 10:13:18,BID,12.55,68600
2161,2016-08-23 10:13:18,TRADE,12.56,900
2162,2016-08-23 10:13:18,ASK,12.56,24100
2163,2016-08-23 10:13:18,TRADE,12.56,1200
2164,2016-08-23 10:13:18,ASK,12.56,22900
2165,2016-08-23 10:13:19,BID,12.55,69600
2166,2016-08-23 10:13:19,TRADE,12.56,900
2167,2016-08-23 10:13:19,ASK,12.56,22000
2168,2016-08-23 10:13:22,ASK,12.56,22200
2169,2016-08-23 10:13:22,ASK,12.56,22700
2170,2016-08-23 10:13:22,ASK,12.56,27700
2171,2016-08-23 10:13:22,BID,12.55,69100
2172,2016-08-23 10:13:22,BID,12.55,64100
2173,2016-08-23 10:13:22,TRADE,12.55,100
2174,2016-08-23 10:13:22,TRADE,12.55,400
2175,2016-08-23 10:13:22,TRADE,12.55,3500
2176,2016-08-23 10:13:22,BID,12.55,60100
2177,2016-08-23 10:13:22,TRADE,12.55,2000
2178,2016-08-23 10:13:22,BID,12.55,58100
2179,2016-08-23 10:13:22,TRADE,12.55,4600
2180,2016-08-23 10:13:22,BID,12.55,53500
2181,2016-08-23 10:13:22,BID,12.55,48500
2182,2016-08-23 10:13:22,TRADE,12.56,4600
2183,2016-08-23 10:13:22,ASK,12.56,23100
2184,2016-08-23 10:13:22,TRADE,12.56,5400
2185,2016-08-23 10:13:22,ASK,12.56,17700
2186,2016-08-23 10:13:22,BID,12.55,53500
2187,2016-08-23 10:13:22,TRADE,12.56,1100
2188,2016-08-23 10:13:22,ASK,12.56,16600
2189,2016-08-23 10:13:24,TRADE,12.55,19900
2190,2016-08-23 10:13:24,TRADE,12.55,1300
2191,2016-08-23 10:13:24,TRADE,12.55,500
2192,2016-08-23 10:13:24,TRADE,12.55,900
2193,2016-08-23 10:13:24,TRADE,12.55,1000
2194,2016-08-23 10:13:24,TRADE,12.55,5500
2195,2016-08-23 10:13:24,TRADE,12.55,1500
2196,2016-08-23 10:13:24,TRADE,12.55,800
2197,2016-08-23 10:13:24,TRADE,12.55,2000
2198,2016-08-23 10:13:24,TRADE,12.55,5000
2199,2016-08-23 10:13:24,TRADE,12.55,4000
2200,2016-08-23 10:13:24,TRADE,12.55,100
2201,2016-08-23 10:13:24,TRADE,12.55,5000
2202,2016-08-23 10:13:24,TRADE,12.55,1000
2203,2016-08-23 10:13:24,TRADE,12.55,5000
2204,2016-08-23 10:13:24,BID,12.54,33700
2205,2016-08-23 10:13:24,ASK,12.55,7400
2206,2016-08-23 10:13:24,BID,12.54,32300
2208,2016-08-23 10:13:24,ASK,12.55,7700
2209,2016-08-23 10:13:24,ASK,12.55,12700
2210,2016-08-23 10:13:24,ASK,12.55,13100
2211,2016-08-23 10:13:24,ASK,12.55,13600
2212,2016-08-23 10:13:24,BID,12.54,30300
2213,2016-08-23 10:13:24,ASK,12.55,13900
2214,2016-08-23 10:13:24,BID,12.54,29800
2216,2016-08-23 10:13:24,BID,12.54,24800
2217,2016-08-23 10:13:24,BID,12.54,22500
2218,2016-08-23 10:13:24,BID,12.54,20500
2219,2016-08-23 10:13:24,ASK,12.55,17500
2220,2016-08-23 10:13:24,ASK,12.55,13900
2222,2016-08-23 10:13:24,BID,12.54,16500
2223,2016-08-23 10:13:24,BID,12.54,14500
2224,2016-08-23 10:13:24,BID,12.54,13500
2225,2016-08-23 10:13:24,BID,12.54,11000
2226,2016-08-23 10:13:24,BID,12.54,6500
2227,2016-08-23 10:13:24,ASK,12.55,17500
2228,2016-08-23 10:13:24,TRADE,12.55,5000
2229,2016-08-23 10:13:24,ASK,12.55,12500
2230,2016-08-23 10:13:24,BID,12.54,11300
2231,2016-08-23 10:13:24,BID,12.54,11400
2232,2016-08-23 10:13:25,TRADE,12.55,2000
2233,2016-08-23 10:13:25,ASK,12.55,10500
2234,2016-08-23 10:13:26,ASK,12.55,20500
2235,2016-08-23 10:13:26,BID,12.54,9900
2236,2016-08-23 10:13:26,ASK,12.55,22000
2237,2016-08-23 10:13:26,BID,12.54,5100
2238,2016-08-23 10:13:27,ASK,12.55,22200
2239,2016-08-23 10:13:28,TRADE,12.54,2000
2240,2016-08-23 10:13:28,BID,12.54,3100
2241,2016-08-23 10:13:28,TRADE,12.54,3000
2242,2016-08-23 10:13:28,TRADE,12.54,100
2243,2016-08-23 10:13:28,BID,12.53,35100
2244,2016-08-23 10:13:28,ASK,12.54,300
2245,2016-08-23 10:13:28,ASK,12.54,800
2246,2016-08-23 10:13:28,BID,12.53,30100
2247,2016-08-23 10:13:28,ASK,12.54,3900
2248,2016-08-23 10:13:28,ASK,12.54,8900
2250,2016-08-23 10:13:28,ASK,12.54,9300
2251,2016-08-23 10:13:28,ASK,12.54,9600
2252,2016-08-23 10:13:28,BID,12.53,30200
2255,2016-08-23 10:13:28,ASK,12.54,6500
2260,2016-08-23 10:13:28,BID,12.53,28200
2261,2016-08-23 10:13:28,BID,12.53,26200
2266,2016-08-23 10:13:29,BID,12.53,24200
2267,2016-08-23 10:13:29,BID,12.53,24100
2268,2016-08-23 10:13:29,ASK,12.54,6200
2269,2016-08-23 10:13:29,ASK,12.54,6500
2270,2016-08-23 10:13:30,TRADE,12.53,400
2271,2016-08-23 10:13:30,BID,12.53,23700
2272,2016-08-23 10:13:32,ASK,12.54,6200
2273,2016-08-23 10:13:32,TRADE,12.53,300
2274,2016-08-23 10:13:32,TRADE,12.53,2700
2275,2016-08-23 10:13:32,BID,12.53,20700
2276,2016-08-23 10:13:32,ASK,12.54,6500
2277,2016-08-23 10:13:32,BID,12.53,12700
2278,2016-08-23 10:13:32,ASK,12.54,10100
2279,2016-08-23 10:13:32,ASK,12.54,12600
2280,2016-08-23 10:13:35,ASK,12.54,10100
2281,2016-08-23 10:13:42,BID,12.53,17700
2282,2016-08-23 10:13:43,BID,12.53,25700
2283,2016-08-23 10:13:43,BID,12.53,26700
2284,2016-08-23 10:13:43,BID,12.53,24700
2285,2016-08-23 10:13:43,ASK,12.54,9800
2286,2016-08-23 10:13:43,BID,12.53,25700
2287,2016-08-23 10:13:43,ASK,12.54,9500
2288,2016-08-23 10:13:43,ASK,12.54,9100
2289,2016-08-23 10:13:43,ASK,12.54,4100
2290,2016-08-23 10:13:43,BID,12.53,23700
2291,2016-08-23 10:13:43,TRADE,12.54,500
2292,2016-08-23 10:13:43,TRADE,12.54,3400
2293,2016-08-23 10:13:43,ASK,12.54,200
2294,2016-08-23 10:13:43,BID,12.53,21700
2295,2016-08-23 10:13:43,BID,12.53,22200
2296,2016-08-23 10:13:43,TRADE,12.54,200
2297,2016-08-23 10:13:43,ASK,12.55,27400
2298,2016-08-23 10:13:43,ASK,12.54,500
2299,2016-08-23 10:13:43,ASK,12.54,4100
2300,2016-08-23 10:13:43,ASK,12.54,9100
2301,2016-08-23 10:13:43,BID,12.53,21700
2302,2016-08-23 10:13:48,BID,12.53,21900
2303,2016-08-23 10:13:48,BID,12.53,30100
2304,2016-08-23 10:13:48,ASK,12.54,4100
2305,2016-08-23 10:13:48,BID,12.53,30600
2306,2016-08-23 10:13:48,ASK,12.54,500
2307,2016-08-23 10:13:49,BID,12.53,30700
2308,2016-08-23 10:13:49,BID,12.53,35700
2309,2016-08-23 10:13:50,BID,12.53,39700
2310,2016-08-23 10:13:50,BID,12.53,40700
2311,2016-08-23 10:13:52,TRADE,12.53,1500
2312,2016-08-23 10:13:52,TRADE,12.53,5000
2313,2016-08-23 10:13:52,TRADE,12.53,100
2314,2016-08-23 10:13:52,TRADE,12.53,100
2315,2016-08-23 10:13:52,TRADE,12.53,5000
2316,2016-08-23 10:13:52,TRADE,12.53,3300
2317,2016-08-23 10:13:52,BID,12.53,25700
2319,2016-08-23 10:13:52,BID,12.53,25000
2320,2016-08-23 10:13:52,ASK,12.54,800
2321,2016-08-23 10:13:52,ASK,12.54,5800
2322,2016-08-23 10:13:52,ASK,12.54,6100
2323,2016-08-23 10:13:52,ASK,12.54,6500
2324,2016-08-23 10:13:52,BID,12.53,24500
2325,2016-08-23 10:13:52,BID,12.53,29500
2326,2016-08-23 10:13:52,BID,12.53,24500
2327,2016-08-23 10:13:52,ASK,12.54,10100
2329,2016-08-23 10:13:52,BID,12.53,23500
2330,2016-08-23 10:13:53,TRADE,12.54,100
2331,2016-08-23 10:13:53,ASK,12.54,10000
2332,2016-08-23 10:13:53,TRADE,12.54,400
2333,2016-08-23 10:13:53,TRADE,12.54,300
2334,2016-08-23 10:13:53,TRADE,12.54,800
2335,2016-08-23 10:13:53,ASK,12.54,8500
2336,2016-08-23 10:13:53,ASK,12.54,9000
2337,2016-08-23 10:13:53,BID,12.53,25000
2338,2016-08-23 10:13:53,ASK,12.54,17500
2339,2016-08-23 10:13:54,ASK,12.54,18700
2340,2016-08-23 10:13:55,TRADE,12.54,100
2341,2016-08-23 10:13:55,ASK,12.54,18600
2342,2016-08-23 10:13:57,ASK,12.54,19100
2343,2016-08-23 10:13:58,ASK,12.54,19300
2344,2016-08-23 10:14:00,TRADE,12.54,100
2345,2016-08-23 10:14:00,ASK,12.54,19200
2346,2016-08-23 10:14:00,BID,12.53,24900
2347,2016-08-23 10:14:01,TRADE,12.53,100
2348,2016-08-23 10:14:01,BID,12.53,24800
2349,2016-08-23 10:14:01,BID,12.53,24400
2350,2016-08-23 10:14:02,BID,12.53,28900
2351,2016-08-23 10:14:02,BID,12.53,30900
2352,2016-08-23 10:14:05,TRADE,12.53,3500
2353,2016-08-23 10:14:05,TRADE,12.53,1000
2354,2016-08-23 10:14:05,TRADE,12.53,200
2355,2016-08-23 10:14:05,TRADE,12.53,3800
2356,2016-08-23 10:14:05,BID,12.53,22400
2357,2016-08-23 10:14:05,ASK,12.54,10700
2358,2016-08-23 10:14:05,BID,12.53,20400
2359,2016-08-23 10:14:05,BID,12.53,15400
2360,2016-08-23 10:14:05,BID,12.53,13400
2361,2016-08-23 10:14:05,ASK,12.54,13500
2362,2016-08-23 10:14:06,BID,12.53,14200
2363,2016-08-23 10:14:07,BID,12.53,19200
2364,2016-08-23 10:14:09,BID,12.53,34200
2365,2016-08-23 10:14:10,TRADE,12.53,4400
2366,2016-08-23 10:14:10,TRADE,12.53,3800
2367,2016-08-23 10:14:10,BID,12.53,26000
2368,2016-08-23 10:14:10,BID,12.53,21000
2369,2016-08-23 10:14:10,TRADE,12.54,4000
2370,2016-08-23 10:14:10,TRADE,12.54,300
2371,2016-08-23 10:14:10,TRADE,12.54,400
2372,2016-08-23 10:14:10,TRADE,12.54,2300
2373,2016-08-23 10:14:10,ASK,12.54,6500
2374,2016-08-23 10:14:10,ASK,12.54,3700
2375,2016-08-23 10:14:10,ASK,12.54,8700
2376,2016-08-23 10:14:10,ASK,12.54,9000
2377,2016-08-23 10:14:10,ASK,12.54,9300
2378,2016-08-23 10:14:10,ASK,12.54,9700
2379,2016-08-23 10:14:10,BID,12.53,26000
2380,2016-08-23 10:14:10,ASK,12.54,13400
2381,2016-08-23 10:14:10,BID,12.53,31000
2382,2016-08-23 10:14:12,BID,12.53,31100
2383,2016-08-23 10:14:12,BID,12.53,31200
2384,2016-08-23 10:14:15,BID,12.53,29700
2385,2016-08-23 10:14:15,TRADE,12.54,100
2386,2016-08-23 10:14:15,ASK,12.54,13300
2387,2016-08-23 10:14:15,BID,12.53,29600
2388,2016-08-23 10:14:15,TRADE,12.54,1200
2389,2016-08-23 10:14:15,TRADE,12.54,500
2390,2016-08-23 10:14:15,TRADE,12.54,1200
2391,2016-08-23 10:14:15,TRADE,12.54,500
2392,2016-08-23 10:14:15,TRADE,12.54,200
2393,2016-08-23 10:14:15,TRADE,12.54,5000
2394,2016-08-23 10:14:15,TRADE,12.54,300
2395,2016-08-23 10:14:15,TRADE,12.54,300
2396,2016-08-23 10:14:15,TRADE,12.54,400
2397,2016-08-23 10:14:15,TRADE,12.54,400
2398,2016-08-23 10:14:15,ASK,12.54,3300
2399,2016-08-23 10:14:15,ASK,12.54,3800
2400,2016-08-23 10:14:15,ASK,12.54,4200
2401,2016-08-23 10:14:15,ASK,12.54,9200
2402,2016-08-23 10:14:15,TRADE,12.54,1000
2403,2016-08-23 10:14:15,ASK,12.54,8200
2404,2016-08-23 10:14:15,ASK,12.54,10900
2405,2016-08-23 10:14:16,TRADE,12.53,200
2406,2016-08-23 10:14:16,TRADE,12.53,800
2407,2016-08-23 10:14:16,BID,12.53,28600
2408,2016-08-23 10:14:16,TRADE,12.54,2300
2409,2016-08-23 10:14:16,TRADE,12.54,500
2410,2016-08-23 10:14:16,TRADE,12.54,200
2411,2016-08-23 10:14:16,ASK,12.54,7900
2412,2016-08-23 10:14:16,ASK,12.54,8400
2413,2016-08-23 10:14:16,ASK,12.54,5700
2414,2016-08-23 10:14:16,ASK,12.54,10700
2415,2016-08-23 10:14:16,ASK,12.54,11000
2416,2016-08-23 10:14:17,TRADE,12.53,200
2417,2016-08-23 10:14:17,TRADE,12.53,800
2418,2016-08-23 10:14:17,BID,12.53,27600
2419,2016-08-23 10:14:17,BID,12.53,29100
2420,2016-08-23 10:14:17,BID,12.53,28400
2421,2016-08-23 10:14:17,ASK,12.54,6000
2422,2016-08-23 10:14:17,ASK,12.54,6300
2423,2016-08-23 10:14:23,BID,12.53,23400
2424,2016-08-23 10:14:23,BID,12.53,21900
2425,2016-08-23 10:14:23,ASK,12.54,10300
2426,2016-08-23 10:14:23,BID,12.53,16900
2427,2016-08-23 10:14:23,ASK,12.54,13000
2428,2016-08-23 10:14:23,TRADE,12.54,200
2429,2016-08-23 10:14:23,ASK,12.54,12800
2430,2016-08-23 10:14:27,TRADE,12.53,1000
2431,2016-08-23 10:14:27,TRADE,12.53,600
2432,2016-08-23 10:14:27,BID,12.53,15300
2433,2016-08-23 10:14:27,TRADE,12.53,200
2434,2016-08-23 10:14:27,TRADE,12.53,15000
2435,2016-08-23 10:14:27,TRADE,12.53,100
2436,2016-08-23 10:14:27,BID,12.52,42400
2437,2016-08-23 10:14:27,ASK,12.53,300
2438,2016-08-23 10:14:27,ASK,12.53,800
2440,2016-08-23 10:14:27,BID,12.52,37400
2441,2016-08-23 10:14:27,ASK,12.53,5700
2442,2016-08-23 10:14:27,BID,12.52,37900
2443,2016-08-23 10:14:27,BID,12.52,35900
2444,2016-08-23 10:14:27,BID,12.52,35400
2445,2016-08-23 10:14:27,ASK,12.53,6100
2446,2016-08-23 10:14:27,ASK,12.53,6400
2448,2016-08-23 10:14:27,BID,12.52,35900
2449,2016-08-23 10:14:28,BID,12.52,33900
2450,2016-08-23 10:14:28,BID,12.52,29400
2451,2016-08-23 10:14:28,BID,12.52,25400
2452,2016-08-23 10:14:28,BID,12.52,24900
2453,2016-08-23 10:14:28,BID,12.52,24600
2454,2016-08-23 10:14:29,TRADE,12.53,300
2455,2016-08-23 10:14:29,TRADE,12.53,500
2456,2016-08-23 10:14:29,TRADE,12.53,200
2457,2016-08-23 10:14:29,ASK,12.53,5400
2458,2016-08-23 10:14:29,ASK,12.53,5700
2459,2016-08-23 10:14:29,ASK,12.53,6200
2460,2016-08-23 10:14:30,TRADE,12.52,400
2461,2016-08-23 10:14:30,TRADE,12.52,300
2462,2016-08-23 10:14:30,TRADE,12.52,1300
2463,2016-08-23 10:14:30,BID,12.52,22600
2464,2016-08-23 10:14:31,BID,12.52,27100
2465,2016-08-23 10:14:31,BID,12.52,33100
2466,2016-08-23 10:14:32,BID,12.52,28600
2467,2016-08-23 10:14:32,BID,12.52,25100
2468,2016-08-23 10:14:32,BID,12.52,24600
2469,2016-08-23 10:14:32,TRADE,12.52,3000
2470,2016-08-23 10:14:32,BID,12.52,21600
2471,2016-08-23 10:14:32,TRADE,12.53,1000
2472,2016-08-23 10:14:32,ASK,12.53,5200
2473,2016-08-23 10:14:32,BID,12.52,22100
2474,2016-08-23 10:14:33,BID,12.52,21600
2475,2016-08-23 10:14:34,TRADE,12.52,700
2476,2016-08-23 10:14:34,TRADE,12.52,100
2477,2016-08-23 10:14:34,TRADE,12.52,200
2478,2016-08-23 10:14:34,BID,12.52,20600
2479,2016-08-23 10:14:34,BID,12.52,25600
2480,2016-08-23 10:14:35,BID,12.52,26300
2481,2016-08-23 10:14:36,BID,12.52,26400
2482,2016-08-23 10:14:37,TRADE,12.53,200
2483,2016-08-23 10:14:37,ASK,12.53,5000
2484,2016-08-23 10:14:41,TRADE,12.52,1300
2485,2016-08-23 10:14:41,TRADE,12.52,1000
2486,2016-08-23 10:14:41,TRADE,12.52,1800
2487,2016-08-23 10:14:41,TRADE,12.52,2500
2488,2016-08-23 10:14:41,TRADE,12.52,5000
2489,2016-08-23 10:14:41,TRADE,12.52,500
2490,2016-08-23 10:14:41,TRADE,12.52,1000
2491,2016-08-23 10:14:41,TRADE,12.52,900
2492,2016-08-23 10:14:41,TRADE,12.52,500
2493,2016-08-23 10:14:41,TRADE,12.52,100
