,Date,Type,Price,Size
0,2016-08-24 10:07:00,TRADE,12.5,800
1,2016-08-24 10:07:00,BID,12.5,90000
2,2016-08-24 10:07:00,ASK,12.51,5000
3,2016-08-24 10:07:00,TRADE,12.51,5000
4,2016-08-24 10:07:00,ASK,12.52,1000
5,2016-08-24 10:07:00,ASK,12.52,1100
6,2016-08-24 10:07:00,BID,12.51,200
7,2016-08-24 10:07:00,BID,12.51,1800
9,2016-08-24 10:07:00,ASK,12.52,6100
10,2016-08-24 10:07:00,ASK,12.52,1100
11,2016-08-24 10:07:00,TRADE,12.52,200
12,2016-08-24 10:07:00,BID,12.51,1600
13,2016-08-24 10:07:00,ASK,12.52,900
14,2016-08-24 10:07:00,TRADE,12.52,800
15,2016-08-24 10:07:00,TRADE,12.52,100
16,2016-08-24 10:07:00,ASK,12.53,18400
17,2016-08-24 10:07:00,BID,12.51,6600
19,2016-08-24 10:07:00,TRADE,12.53,1600
20,2016-08-24 10:07:00,BID,12.51,5000
21,2016-08-24 10:07:00,ASK,12.53,16800
22,2016-08-24 10:07:00,ASK,12.53,16900
23,2016-08-24 10:07:00,ASK,12.52,200
26,2016-08-24 10:07:00,BID,12.51,5100
27,2016-08-24 10:07:00,ASK,12.52,300
28,2016-08-24 10:07:00,ASK,12.52,400
29,2016-08-24 10:07:00,TRADE,12.51,1000
30,2016-08-24 10:07:00,BID,12.51,4100
31,2016-08-24 10:07:00,TRADE,12.52,200
32,2016-08-24 10:07:00,TRADE,12.52,100
33,2016-08-24 10:07:00,TRADE,12.52,100
34,2016-08-24 10:07:00,ASK,12.53,16900
35,2016-08-24 10:07:00,TRADE,12.51,500
36,2016-08-24 10:07:00,BID,12.51,3600
37,2016-08-24 10:07:00,TRADE,12.51,1000
38,2016-08-24 10:07:00,BID,12.51,2600
39,2016-08-24 10:07:00,ASK,12.53,17900
40,2016-08-24 10:07:00,ASK,12.52,500
41,2016-08-24 10:07:00,TRADE,12.51,1900
42,2016-08-24 10:07:00,BID,12.51,700
43,2016-08-24 10:07:00,BID,12.51,100
44,2016-08-24 10:07:00,TRADE,12.52,100
45,2016-08-24 10:07:00,ASK,12.52,400
46,2016-08-24 10:07:00,TRADE,12.51,100
47,2016-08-24 10:07:00,BID,12.5,104600
48,2016-08-24 10:07:00,TRADE,12.5,200
48,2016-08-24 10:07:00,BID,12.5,104400
49,2016-08-24 10:07:00,BID,12.5,91900
50,2016-08-24 10:07:00,BID,12.5,90300
51,2016-08-24 10:07:00,BID,12.5,90800
52,2016-08-24 10:07:00,BID,12.5,91300
53,2016-08-24 10:07:00,BID,12.5,91800
54,2016-08-24 10:07:00,BID,12.5,92300
56,2016-08-24 10:07:00,BID,12.5,92800
58,2016-08-24 10:07:00,BID,12.5,93300
59,2016-08-24 10:07:00,BID,12.5,93800
61,2016-08-24 10:07:00,BID,12.5,94300
65,2016-08-24 10:07:00,ASK,12.52,5400
66,2016-08-24 10:07:00,TRADE,12.5,100
67,2016-08-24 10:07:00,BID,12.5,94200
68,2016-08-24 10:07:00,TRADE,12.5,2200
69,2016-08-24 10:07:00,BID,12.5,92000
70,2016-08-24 10:07:00,TRADE,12.5,6000
71,2016-08-24 10:07:00,BID,12.5,86000
72,2016-08-24 10:07:00,ASK,12.52,17900
73,2016-08-24 10:07:00,BID,12.5,86600
74,2016-08-24 10:07:01,TRADE,12.5,1300
75,2016-08-24 10:07:01,BID,12.5,85300
76,2016-08-24 10:07:01,ASK,12.52,19300
77,2016-08-24 10:07:01,TRADE,12.5,27600
78,2016-08-24 10:07:01,BID,12.5,57700
79,2016-08-24 10:07:01,BID,12.5,57200
80,2016-08-24 10:07:01,ASK,12.51,5000
81,2016-08-24 10:07:01,BID,12.5,56700
82,2016-08-24 10:07:01,BID,12.5,56200
83,2016-08-24 10:07:01,ASK,12.51,17500
84,2016-08-24 10:07:01,TRADE,12.51,5000
85,2016-08-24 10:07:01,TRADE,12.51,12500
86,2016-08-24 10:07:01,BID,12.51,14100
87,2016-08-24 10:07:01,ASK,12.52,19300
88,2016-08-24 10:07:01,ASK,12.52,6800
89,2016-08-24 10:07:01,BID,12.51,19100
90,2016-08-24 10:07:01,ASK,12.52,7100
91,2016-08-24 10:07:01,TRADE,12.51,400
92,2016-08-24 10:07:01,BID,12.51,18700
93,2016-08-24 10:07:01,TRADE,12.51,5000
94,2016-08-24 10:07:01,BID,12.51,13700
95,2016-08-24 10:07:01,TRADE,12.51,400
96,2016-08-24 10:07:01,BID,12.51,13300
97,2016-08-24 10:07:01,TRADE,12.51,2000
98,2016-08-24 10:07:01,BID,12.51,11300
99,2016-08-24 10:07:01,TRADE,12.51,4100
100,2016-08-24 10:07:01,BID,12.51,7200
101,2016-08-24 10:07:01,BID,12.51,2200
102,2016-08-24 10:07:02,TRADE,12.51,2200
103,2016-08-24 10:07:02,BID,12.5,56200
104,2016-08-24 10:07:02,ASK,12.52,19600
105,2016-08-24 10:07:02,ASK,12.52,20100
106,2016-08-24 10:07:02,TRADE,12.5,10000
107,2016-08-24 10:07:02,BID,12.5,46200
108,2016-08-24 10:07:02,BID,12.5,51200
109,2016-08-24 10:07:03,TRADE,12.5,5500
110,2016-08-24 10:07:03,BID,12.5,45700
111,2016-08-24 10:07:03,TRADE,12.5,2400
112,2016-08-24 10:07:03,BID,12.5,43300
113,2016-08-24 10:07:03,TRADE,12.5,600
114,2016-08-24 10:07:03,BID,12.5,42700
115,2016-08-24 10:07:03,TRADE,12.5,19500
116,2016-08-24 10:07:03,TRADE,12.5,500
117,2016-08-24 10:07:03,BID,12.5,22700
118,2016-08-24 10:07:03,ASK,12.51,5000
119,2016-08-24 10:07:03,BID,12.5,17700
120,2016-08-24 10:07:03,ASK,12.51,17500
121,2016-08-24 10:07:03,ASK,12.51,17600
122,2016-08-24 10:07:04,TRADE,12.5,400
123,2016-08-24 10:07:04,TRADE,12.5,4400
124,2016-08-24 10:07:04,BID,12.5,12900
125,2016-08-24 10:07:04,BID,12.5,12400
126,2016-08-24 10:07:04,BID,12.5,11900
127,2016-08-24 10:07:04,BID,12.5,11400
128,2016-08-24 10:07:04,BID,12.5,10900
129,2016-08-24 10:07:04,BID,12.5,10400
130,2016-08-24 10:07:04,BID,12.5,9900
131,2016-08-24 10:07:04,TRADE,12.5,100
132,2016-08-24 10:07:04,BID,12.5,9800
133,2016-08-24 10:07:05,TRADE,12.5,400
134,2016-08-24 10:07:05,TRADE,12.5,1600
135,2016-08-24 10:07:05,TRADE,12.5,400
136,2016-08-24 10:07:05,BID,12.5,7400
137,2016-08-24 10:07:05,BID,12.5,7500
138,2016-08-24 10:07:05,BID,12.5,7600
139,2016-08-24 10:07:05,BID,12.5,7700
140,2016-08-24 10:07:05,BID,12.5,7600
141,2016-08-24 10:07:05,BID,12.5,7500
142,2016-08-24 10:07:05,BID,12.5,7400
143,2016-08-24 10:07:05,ASK,12.51,18100
144,2016-08-24 10:07:05,TRADE,12.51,1500
145,2016-08-24 10:07:05,ASK,12.51,16600
146,2016-08-24 10:07:06,ASK,12.51,19300
147,2016-08-24 10:07:06,TRADE,12.5,300
148,2016-08-24 10:07:06,BID,12.5,7100
149,2016-08-24 10:07:06,BID,12.5,13900
150,2016-08-24 10:07:08,TRADE,12.5,4300
151,2016-08-24 10:07:08,TRADE,12.5,2000
152,2016-08-24 10:07:08,TRADE,12.5,200
153,2016-08-24 10:07:08,TRADE,12.5,600
154,2016-08-24 10:07:08,TRADE,12.5,6800
155,2016-08-24 10:07:08,BID,12.49,7900
156,2016-08-24 10:07:08,BID,12.49,8100
157,2016-08-24 10:07:08,BID,12.49,8300
158,2016-08-24 10:07:08,BID,12.49,8500
159,2016-08-24 10:07:09,TRADE,12.49,2000
160,2016-08-24 10:07:09,TRADE,12.49,600
161,2016-08-24 10:07:09,BID,12.49,5900
162,2016-08-24 10:07:09,ASK,12.51,19200
163,2016-08-24 10:07:09,TRADE,12.49,100
164,2016-08-24 10:07:09,BID,12.49,5800
165,2016-08-24 10:07:10,TRADE,12.49,100
166,2016-08-24 10:07:10,BID,12.49,5700
167,2016-08-24 10:07:10,TRADE,12.49,100
168,2016-08-24 10:07:10,BID,12.49,5600
169,2016-08-24 10:07:10,TRADE,12.51,500
170,2016-08-24 10:07:10,ASK,12.51,18700
171,2016-08-24 10:07:12,ASK,12.5,2000
172,2016-08-24 10:07:12,TRADE,12.5,2000
173,2016-08-24 10:07:12,BID,12.5,8000
174,2016-08-24 10:07:12,ASK,12.51,18600
175,2016-08-24 10:07:13,ASK,12.51,6100
176,2016-08-24 10:07:13,BID,12.5,13000
177,2016-08-24 10:07:13,TRADE,12.5,1000
178,2016-08-24 10:07:13,BID,12.5,12000
179,2016-08-24 10:07:14,ASK,12.51,3500
180,2016-08-24 10:07:14,TRADE,12.5,1600
181,2016-08-24 10:07:14,BID,12.5,10400
182,2016-08-24 10:07:16,TRADE,12.5,1400
183,2016-08-24 10:07:16,BID,12.5,9000
184,2016-08-24 10:07:17,ASK,12.51,3600
185,2016-08-24 10:07:18,ASK,12.51,3700
186,2016-08-24 10:07:18,BID,12.5,4000
187,2016-08-24 10:07:19,TRADE,12.5,900
188,2016-08-24 10:07:19,BID,12.5,3100
189,2016-08-24 10:07:20,ASK,12.51,4700
190,2016-08-24 10:07:21,TRADE,12.5,900
191,2016-08-24 10:07:21,BID,12.5,2200
192,2016-08-24 10:07:23,ASK,12.51,12700
193,2016-08-24 10:07:25,BID,12.5,2300
194,2016-08-24 10:07:26,TRADE,12.5,2200
195,2016-08-24 10:07:26,TRADE,12.5,100
196,2016-08-24 10:07:26,BID,12.49,18100
197,2016-08-24 10:07:26,BID,12.49,5600
198,2016-08-24 10:07:26,BID,12.49,6600
199,2016-08-24 10:07:26,BID,12.49,7600
200,2016-08-24 10:07:26,BID,12.49,6600
201,2016-08-24 10:07:26,ASK,12.51,25200
202,2016-08-24 10:07:27,TRADE,12.49,100
203,2016-08-24 10:07:27,BID,12.49,6500
204,2016-08-24 10:07:28,TRADE,12.49,100
205,2016-08-24 10:07:28,BID,12.49,6400
206,2016-08-24 10:07:28,TRADE,12.49,100
207,2016-08-24 10:07:28,BID,12.49,6300
208,2016-08-24 10:07:28,BID,12.49,6400
209,2016-08-24 10:07:29,TRADE,12.49,100
210,2016-08-24 10:07:29,BID,12.49,6300
211,2016-08-24 10:07:31,TRADE,12.49,800
212,2016-08-24 10:07:31,BID,12.49,5500
213,2016-08-24 10:07:31,TRADE,12.51,100
214,2016-08-24 10:07:31,ASK,12.51,25100
215,2016-08-24 10:07:31,BID,12.49,5400
216,2016-08-24 10:07:31,ASK,12.5,1000
217,2016-08-24 10:07:31,ASK,12.5,6000
218,2016-08-24 10:07:31,ASK,12.5,6100
219,2016-08-24 10:07:32,ASK,12.5,7900
220,2016-08-24 10:07:32,ASK,12.5,8000
221,2016-08-24 10:07:32,TRADE,12.49,100
222,2016-08-24 10:07:32,BID,12.49,5300
223,2016-08-24 10:07:32,TRADE,12.5,1000
224,2016-08-24 10:07:32,TRADE,12.5,100
225,2016-08-24 10:07:32,ASK,12.5,6900
226,2016-08-24 10:07:33,ASK,12.5,7400
227,2016-08-24 10:07:34,TRADE,12.5,2300
228,2016-08-24 10:07:34,ASK,12.5,5100
229,2016-08-24 10:07:34,ASK,12.5,7500
230,2016-08-24 10:07:34,TRADE,12.49,100
231,2016-08-24 10:07:34,BID,12.49,5200
232,2016-08-24 10:07:35,BID,12.49,1600
233,2016-08-24 10:07:36,TRADE,12.5,500
234,2016-08-24 10:07:36,ASK,12.5,7000
235,2016-08-24 10:07:37,ASK,12.5,9100
236,2016-08-24 10:07:37,TRADE,12.49,200
237,2016-08-24 10:07:37,TRADE,12.49,200
238,2016-08-24 10:07:37,TRADE,12.49,200
239,2016-08-24 10:07:37,TRADE,12.49,1000
240,2016-08-24 10:07:37,BID,12.48,20500
241,2016-08-24 10:07:37,BID,12.48,8000
242,2016-08-24 10:07:37,BID,12.48,8500
243,2016-08-24 10:07:37,BID,12.48,8700
244,2016-08-24 10:07:37,BID,12.48,8800
245,2016-08-24 10:07:37,BID,12.48,9300
246,2016-08-24 10:07:37,BID,12.48,9400
247,2016-08-24 10:07:37,BID,12.48,9900
248,2016-08-24 10:07:37,BID,12.48,10000
249,2016-08-24 10:07:37,BID,12.48,11000
250,2016-08-24 10:07:37,BID,12.48,12000
251,2016-08-24 10:07:37,BID,12.48,11900
252,2016-08-24 10:07:37,BID,12.48,11400
253,2016-08-24 10:07:37,BID,12.48,11200
254,2016-08-24 10:07:37,BID,12.48,10700
255,2016-08-24 10:07:37,BID,12.48,10300
256,2016-08-24 10:07:37,BID,12.48,9300
257,2016-08-24 10:07:38,TRADE,12.48,100
258,2016-08-24 10:07:38,BID,12.48,9200
259,2016-08-24 10:07:38,TRADE,12.5,2000
260,2016-08-24 10:07:38,ASK,12.5,7100
261,2016-08-24 10:07:39,BID,12.49,200
262,2016-08-24 10:07:40,BID,12.49,5200
263,2016-08-24 10:07:40,TRADE,12.49,100
264,2016-08-24 10:07:40,BID,12.49,5100
265,2016-08-24 10:07:44,TRADE,12.49,100
266,2016-08-24 10:07:44,TRADE,12.49,400
267,2016-08-24 10:07:44,BID,12.49,4600
268,2016-08-24 10:07:44,TRADE,12.49,500
269,2016-08-24 10:07:44,BID,12.49,4100
270,2016-08-24 10:07:44,TRADE,12.49,500
271,2016-08-24 10:07:44,BID,12.49,3600
272,2016-08-24 10:07:44,TRADE,12.49,500
273,2016-08-24 10:07:44,BID,12.49,3100
274,2016-08-24 10:07:44,TRADE,12.49,500
275,2016-08-24 10:07:44,BID,12.49,2600
276,2016-08-24 10:07:44,TRADE,12.49,500
277,2016-08-24 10:07:44,BID,12.49,2100
278,2016-08-24 10:07:44,BID,12.48,9200
279,2016-08-24 10:07:44,ASK,12.49,500
280,2016-08-24 10:07:44,BID,12.48,10200
281,2016-08-24 10:07:44,BID,12.48,9200
282,2016-08-24 10:07:44,TRADE,12.48,500
283,2016-08-24 10:07:44,BID,12.48,8700
284,2016-08-24 10:07:44,ASK,12.5,7100
285,2016-08-24 10:07:44,TRADE,12.48,500
286,2016-08-24 10:07:44,BID,12.48,8200
287,2016-08-24 10:07:44,TRADE,12.48,500
288,2016-08-24 10:07:44,BID,12.48,7700
289,2016-08-24 10:07:44,TRADE,12.48,500
290,2016-08-24 10:07:44,BID,12.48,7200
291,2016-08-24 10:07:44,TRADE,12.48,500
292,2016-08-24 10:07:44,BID,12.48,6700
293,2016-08-24 10:07:44,TRADE,12.48,400
294,2016-08-24 10:07:44,TRADE,12.48,100
295,2016-08-24 10:07:44,BID,12.48,6200
296,2016-08-24 10:07:44,TRADE,12.48,500
297,2016-08-24 10:07:44,BID,12.48,5700
298,2016-08-24 10:07:44,TRADE,12.48,500
299,2016-08-24 10:07:44,BID,12.48,5200
300,2016-08-24 10:07:44,TRADE,12.48,500
301,2016-08-24 10:07:44,BID,12.48,4700
302,2016-08-24 10:07:44,TRADE,12.48,500
303,2016-08-24 10:07:44,BID,12.48,4200
304,2016-08-24 10:07:44,TRADE,12.48,500
305,2016-08-24 10:07:44,BID,12.48,3700
306,2016-08-24 10:07:44,TRADE,12.48,500
307,2016-08-24 10:07:44,BID,12.48,3200
308,2016-08-24 10:07:44,TRADE,12.48,500
309,2016-08-24 10:07:44,BID,12.48,2700
310,2016-08-24 10:07:44,TRADE,12.48,500
311,2016-08-24 10:07:44,BID,12.48,2200
312,2016-08-24 10:07:44,TRADE,12.48,500
313,2016-08-24 10:07:44,BID,12.48,1700
314,2016-08-24 10:07:44,TRADE,12.48,400
315,2016-08-24 10:07:44,TRADE,12.48,100
316,2016-08-24 10:07:44,BID,12.48,1200
317,2016-08-24 10:07:44,BID,12.48,6200
318,2016-08-24 10:07:44,TRADE,12.48,100
319,2016-08-24 10:07:44,TRADE,12.48,100
320,2016-08-24 10:07:44,TRADE,12.48,300
321,2016-08-24 10:07:44,BID,12.48,5700
322,2016-08-24 10:07:44,TRADE,12.48,500
323,2016-08-24 10:07:44,BID,12.48,5200
324,2016-08-24 10:07:44,TRADE,12.48,200
325,2016-08-24 10:07:44,TRADE,12.48,300
326,2016-08-24 10:07:44,BID,12.48,4700
327,2016-08-24 10:07:44,TRADE,12.48,500
328,2016-08-24 10:07:44,BID,12.48,4200
329,2016-08-24 10:07:44,TRADE,12.48,500
330,2016-08-24 10:07:44,BID,12.48,3700
331,2016-08-24 10:07:44,TRADE,12.48,500
332,2016-08-24 10:07:44,BID,12.48,3200
333,2016-08-24 10:07:44,TRADE,12.48,500
334,2016-08-24 10:07:44,BID,12.48,2700
335,2016-08-24 10:07:44,TRADE,12.48,500
336,2016-08-24 10:07:44,BID,12.48,2200
337,2016-08-24 10:07:44,TRADE,12.48,500
338,2016-08-24 10:07:44,BID,12.48,1700
339,2016-08-24 10:07:44,TRADE,12.48,500
340,2016-08-24 10:07:44,BID,12.48,1200
341,2016-08-24 10:07:44,TRADE,12.48,500
342,2016-08-24 10:07:44,BID,12.48,700
343,2016-08-24 10:07:44,TRADE,12.48,200
344,2016-08-24 10:07:44,BID,12.48,500
345,2016-08-24 10:07:44,BID,12.48,1500
346,2016-08-24 10:07:44,ASK,12.5,19600
347,2016-08-24 10:07:45,TRADE,12.48,500
348,2016-08-24 10:07:45,TRADE,12.48,1000
349,2016-08-24 10:07:45,BID,12.47,45000
350,2016-08-24 10:07:45,BID,12.47,45500
351,2016-08-24 10:07:45,BID,12.47,46000
352,2016-08-24 10:07:45,BID,12.47,46500
353,2016-08-24 10:07:45,BID,12.46,100
354,2016-08-24 10:07:45,BID,12.47,47500
355,2016-08-24 10:07:45,BID,12.47,48500
356,2016-08-24 10:07:45,BID,12.47,49500
357,2016-08-24 10:07:45,BID,12.48,1000
358,2016-08-24 10:07:45,BID,12.48,4300
359,2016-08-24 10:07:45,TRADE,12.48,100
360,2016-08-24 10:07:45,BID,12.48,4200
361,2016-08-24 10:07:45,BID,12.48,3300
362,2016-08-24 10:07:45,BID,12.48,4300
363,2016-08-24 10:07:45,TRADE,12.48,100
364,2016-08-24 10:07:45,BID,12.48,4200
365,2016-08-24 10:07:46,TRADE,12.48,2300
366,2016-08-24 10:07:46,BID,12.48,1900
367,2016-08-24 10:07:46,ASK,12.5,19200
368,2016-08-24 10:07:46,BID,12.48,900
369,2016-08-24 10:07:46,TRADE,12.48,100
370,2016-08-24 10:07:46,BID,12.48,800
371,2016-08-24 10:07:46,TRADE,12.48,100
372,2016-08-24 10:07:46,BID,12.48,700
373,2016-08-24 10:07:47,TRADE,12.48,700
374,2016-08-24 10:07:47,BID,12.47,49500
375,2016-08-24 10:07:47,ASK,12.48,4300
376,2016-08-24 10:07:47,BID,12.47,50500
377,2016-08-24 10:07:47,BID,12.47,49500
378,2016-08-24 10:07:47,ASK,12.48,4400
379,2016-08-24 10:07:47,TRADE,12.48,100
380,2016-08-24 10:07:47,ASK,12.48,4300
381,2016-08-24 10:07:47,TRADE,12.48,4200
382,2016-08-24 10:07:47,TRADE,12.48,100
383,2016-08-24 10:07:47,ASK,12.49,5000
384,2016-08-24 10:07:47,BID,12.48,5000
385,2016-08-24 10:07:48,TRADE,12.48,1600
386,2016-08-24 10:07:48,BID,12.48,3400
387,2016-08-24 10:07:48,TRADE,12.48,100
388,2016-08-24 10:07:48,BID,12.48,3300
389,2016-08-24 10:07:48,TRADE,12.48,100
390,2016-08-24 10:07:48,BID,12.48,3200
391,2016-08-24 10:07:49,ASK,12.49,5500
392,2016-08-24 10:07:49,BID,12.47,63500
393,2016-08-24 10:07:50,ASK,12.49,6500
394,2016-08-24 10:07:50,TRADE,12.47,100
395,2016-08-24 10:07:50,BID,12.47,63400
396,2016-08-24 10:07:50,BID,12.47,61800
397,2016-08-24 10:07:50,TRADE,12.47,100
398,2016-08-24 10:07:50,BID,12.47,61700
399,2016-08-24 10:07:51,TRADE,12.47,1500
400,2016-08-24 10:07:51,BID,12.47,60200
401,2016-08-24 10:07:51,BID,12.47,47700
402,2016-08-24 10:07:51,BID,12.47,62700
403,2016-08-24 10:07:52,BID,12.47,63400
404,2016-08-24 10:07:53,TRADE,12.47,1000
405,2016-08-24 10:07:53,BID,12.47,62400
406,2016-08-24 10:07:53,ASK,12.49,7500
407,2016-08-24 10:07:53,ASK,12.48,5000
408,2016-08-24 10:07:53,BID,12.47,62500
409,2016-08-24 10:07:54,ASK,12.48,6000
410,2016-08-24 10:07:54,ASK,12.48,6100
411,2016-08-24 10:07:55,TRADE,12.47,100
412,2016-08-24 10:07:55,BID,12.47,62400
413,2016-08-24 10:07:55,BID,12.47,77400
414,2016-08-24 10:07:55,TRADE,12.48,5000
415,2016-08-24 10:07:55,TRADE,12.48,1000
416,2016-08-24 10:07:55,TRADE,12.48,100
417,2016-08-24 10:07:55,ASK,12.49,7500
418,2016-08-24 10:07:55,BID,12.47,79000
419,2016-08-24 10:07:55,BID,12.47,91500
420,2016-08-24 10:07:55,ASK,12.48,500
421,2016-08-24 10:07:55,TRADE,12.48,500
422,2016-08-24 10:07:55,ASK,12.49,7000
423,2016-08-24 10:07:55,BID,12.48,1500
424,2016-08-24 10:07:58,TRADE,12.48,100
425,2016-08-24 10:07:58,BID,12.48,1400
426,2016-08-24 10:07:58,ASK,12.49,7800
427,2016-08-24 10:07:59,ASK,12.49,6800
428,2016-08-24 10:07:59,TRADE,12.48,100
429,2016-08-24 10:07:59,BID,12.48,1300
430,2016-08-24 10:07:59,TRADE,12.48,1300
431,2016-08-24 10:07:59,BID,12.47,91500
432,2016-08-24 10:07:59,TRADE,12.47,200
433,2016-08-24 10:07:59,TRADE,12.47,16800
434,2016-08-24 10:07:59,TRADE,12.47,1700
434,2016-08-24 10:07:59,BID,12.47,72800
435,2016-08-24 10:07:59,BID,12.47,60300
436,2016-08-24 10:07:59,BID,12.47,58700
437,2016-08-24 10:08:00,BID,12.47,58900
438,2016-08-24 10:08:00,BID,12.47,59400
439,2016-08-24 10:08:00,BID,12.48,300
440,2016-08-24 10:08:00,ASK,12.49,7100
441,2016-08-24 10:08:00,ASK,12.49,7500
442,2016-08-24 10:08:00,ASK,12.49,7800
443,2016-08-24 10:08:00,BID,12.48,600
444,2016-08-24 10:08:00,BID,12.48,1000
445,2016-08-24 10:08:00,ASK,12.49,8300
446,2016-08-24 10:08:00,ASK,12.49,12900
447,2016-08-24 10:08:00,ASK,12.49,25400
448,2016-08-24 10:08:00,BID,12.48,600
449,2016-08-24 10:08:00,BID,12.48,300
450,2016-08-24 10:08:00,BID,12.47,59400
451,2016-08-24 10:08:00,TRADE,12.47,3000
452,2016-08-24 10:08:00,BID,12.47,56400
453,2016-08-24 10:08:00,TRADE,12.47,100
454,2016-08-24 10:08:00,BID,12.47,56300
455,2016-08-24 10:08:00,TRADE,12.49,100
456,2016-08-24 10:08:00,ASK,12.49,25300
457,2016-08-24 10:08:02,ASK,12.49,12800
458,2016-08-24 10:08:02,BID,12.48,300
459,2016-08-24 10:08:02,BID,12.48,700
460,2016-08-24 10:08:02,BID,12.48,1000
461,2016-08-24 10:08:02,BID,12.48,6000
462,2016-08-24 10:08:02,ASK,12.49,12500
463,2016-08-24 10:08:03,BID,12.48,16000
464,2016-08-24 10:08:03,ASK,12.49,7600
465,2016-08-24 10:08:03,ASK,12.49,7200
466,2016-08-24 10:08:03,BID,12.48,16500
467,2016-08-24 10:08:03,BID,12.48,18500
468,2016-08-24 10:08:04,ASK,12.49,6900
469,2016-08-24 10:08:04,ASK,12.49,16900
470,2016-08-24 10:08:06,ASK,12.49,17500
471,2016-08-24 10:08:06,ASK,12.49,18000
472,2016-08-24 10:08:06,ASK,12.49,18100
473,2016-08-24 10:08:06,ASK,12.49,23100
474,2016-08-24 10:08:06,BID,12.48,18900
475,2016-08-24 10:08:08,ASK,12.49,23200
476,2016-08-24 10:08:09,BID,12.48,19900
477,2016-08-24 10:08:09,TRADE,12.48,100
478,2016-08-24 10:08:09,BID,12.48,19800
479,2016-08-24 10:08:09,BID,12.48,19300
480,2016-08-24 10:08:09,BID,12.48,14300
481,2016-08-24 10:08:10,TRADE,12.48,200
482,2016-08-24 10:08:10,TRADE,12.48,400
483,2016-08-24 10:08:10,TRADE,12.48,300
484,2016-08-24 10:08:10,TRADE,12.48,1100
485,2016-08-24 10:08:10,BID,12.48,12300
486,2016-08-24 10:08:11,ASK,12.49,23500
487,2016-08-24 10:08:11,ASK,12.49,18000
488,2016-08-24 10:08:11,TRADE,12.48,2700
489,2016-08-24 10:08:11,BID,12.48,9600
490,2016-08-24 10:08:12,ASK,12.49,20800
491,2016-08-24 10:08:12,ASK,12.49,10800
492,2016-08-24 10:08:12,TRADE,12.48,100
493,2016-08-24 10:08:12,BID,12.48,9500
494,2016-08-24 10:08:12,TRADE,12.49,1000
495,2016-08-24 10:08:12,TRADE,12.49,800
496,2016-08-24 10:08:12,TRADE,12.49,500
497,2016-08-24 10:08:12,TRADE,12.49,500
498,2016-08-24 10:08:12,TRADE,12.49,100
499,2016-08-24 10:08:12,TRADE,12.49,4800
500,2016-08-24 10:08:12,ASK,12.49,3100
501,2016-08-24 10:08:12,ASK,12.49,3600
502,2016-08-24 10:08:12,BID,12.48,14500
503,2016-08-24 10:08:12,BID,12.48,15000
504,2016-08-24 10:08:12,ASK,12.49,5600
505,2016-08-24 10:08:12,BID,12.48,16500
506,2016-08-24 10:08:13,ASK,12.49,7000
507,2016-08-24 10:08:13,TRADE,12.49,200
508,2016-08-24 10:08:13,TRADE,12.49,100
509,2016-08-24 10:08:13,TRADE,12.49,300
510,2016-08-24 10:08:13,ASK,12.49,6400
511,2016-08-24 10:08:13,ASK,12.49,6200
512,2016-08-24 10:08:13,TRADE,12.49,2000
513,2016-08-24 10:08:13,TRADE,12.49,4200
514,2016-08-24 10:08:13,ASK,12.5,8200
515,2016-08-24 10:08:13,BID,12.49,300
516,2016-08-24 10:08:13,BID,12.49,700
517,2016-08-24 10:08:13,ASK,12.5,8700
518,2016-08-24 10:08:13,BID,12.49,1000
519,2016-08-24 10:08:13,ASK,12.5,8600
520,2016-08-24 10:08:13,TRADE,12.49,300
521,2016-08-24 10:08:13,TRADE,12.49,100
522,2016-08-24 10:08:13,BID,12.49,600
523,2016-08-24 10:08:13,BID,12.49,900
524,2016-08-24 10:08:13,ASK,12.5,7100
525,2016-08-24 10:08:13,ASK,12.5,7400
526,2016-08-24 10:08:13,ASK,12.5,7700
527,2016-08-24 10:08:13,ASK,12.5,8100
528,2016-08-24 10:08:14,ASK,12.5,7600
529,2016-08-24 10:08:14,ASK,12.5,7500
530,2016-08-24 10:08:16,ASK,12.5,7000
531,2016-08-24 10:08:16,BID,12.49,600
532,2016-08-24 10:08:16,TRADE,12.49,300
533,2016-08-24 10:08:16,TRADE,12.49,300
534,2016-08-24 10:08:16,BID,12.48,29000
535,2016-08-24 10:08:16,ASK,12.49,600
536,2016-08-24 10:08:16,BID,12.48,16500
537,2016-08-24 10:08:16,ASK,12.49,1800
538,2016-08-24 10:08:16,ASK,12.49,6800
539,2016-08-24 10:08:16,ASK,12.49,7200
540,2016-08-24 10:08:16,BID,12.48,11500
541,2016-08-24 10:08:16,ASK,12.49,7700
542,2016-08-24 10:08:16,ASK,12.49,8000
543,2016-08-24 10:08:16,ASK,12.49,8300
544,2016-08-24 10:08:16,BID,12.48,11000
545,2016-08-24 10:08:16,ASK,12.49,9500
546,2016-08-24 10:08:16,TRADE,12.49,600
547,2016-08-24 10:08:16,TRADE,12.49,400
548,2016-08-24 10:08:16,ASK,12.49,8500
549,2016-08-24 10:08:16,BID,12.48,12000
550,2016-08-24 10:08:16,BID,12.48,11000
551,2016-08-24 10:08:17,TRADE,12.48,100
552,2016-08-24 10:08:17,BID,12.48,10900
553,2016-08-24 10:08:19,TRADE,12.49,800
554,2016-08-24 10:08:19,TRADE,12.49,1200
555,2016-08-24 10:08:19,ASK,12.49,6500
556,2016-08-24 10:08:21,ASK,12.49,7700
557,2016-08-24 10:08:21,BID,12.48,11400
558,2016-08-24 10:08:21,ASK,12.49,7400
559,2016-08-24 10:08:21,BID,12.48,11900
560,2016-08-24 10:08:21,BID,12.48,16900
561,2016-08-24 10:08:22,TRADE,12.49,500
562,2016-08-24 10:08:22,ASK,12.49,6900
568,2016-08-24 10:08:22,TRADE,12.49,100
569,2016-08-24 10:08:22,ASK,12.49,6800
570,2016-08-24 10:08:22,ASK,12.49,6300
572,2016-08-24 10:08:22,ASK,12.49,11100
574,2016-08-24 10:08:22,TRADE,12.48,1200
575,2016-08-24 10:08:22,BID,12.48,15700
576,2016-08-24 10:08:22,ASK,12.49,9900
577,2016-08-24 10:08:22,ASK,12.49,10400
578,2016-08-24 10:08:24,BID,12.48,16000
580,2016-08-24 10:08:25,BID,12.48,16200
581,2016-08-24 10:08:25,ASK,12.49,10500
582,2016-08-24 10:08:26,ASK,12.49,10800
583,2016-08-24 10:08:30,BID,12.48,18200
584,2016-08-24 10:08:30,TRADE,12.49,700
585,2016-08-24 10:08:30,ASK,12.49,10100
586,2016-08-24 10:08:30,TRADE,12.49,500
587,2016-08-24 10:08:30,ASK,12.49,9600
588,2016-08-24 10:08:30,TRADE,12.49,1000
589,2016-08-24 10:08:30,ASK,12.49,8600
590,2016-08-24 10:08:30,BID,12.48,16200
591,2016-08-24 10:08:30,TRADE,12.49,500
592,2016-08-24 10:08:30,ASK,12.49,8100
593,2016-08-24 10:08:30,TRADE,12.49,500
594,2016-08-24 10:08:30,ASK,12.49,7600
595,2016-08-24 10:08:30,ASK,12.49,12600
596,2016-08-24 10:08:30,ASK,12.49,12200
597,2016-08-24 10:08:30,BID,12.48,14700
598,2016-08-24 10:08:30,BID,12.48,14200
599,2016-08-24 10:08:30,BID,12.48,9200
600,2016-08-24 10:08:30,BID,12.48,11200
601,2016-08-24 10:08:30,BID,12.48,9200
602,2016-08-24 10:08:31,ASK,12.49,12800
603,2016-08-24 10:08:32,ASK,12.49,12700
604,2016-08-24 10:08:33,TRADE,12.48,100
605,2016-08-24 10:08:33,BID,12.48,9100
606,2016-08-24 10:08:34,BID,12.48,14100
607,2016-08-24 10:08:34,BID,12.48,14600
608,2016-08-24 10:08:34,TRADE,12.48,100
609,2016-08-24 10:08:34,BID,12.48,14500
610,2016-08-24 10:08:34,ASK,12.49,7700
611,2016-08-24 10:08:35,TRADE,12.49,300
612,2016-08-24 10:08:35,TRADE,12.49,4800
613,2016-08-24 10:08:35,TRADE,12.49,500
614,2016-08-24 10:08:35,TRADE,12.49,2100
615,2016-08-24 10:08:35,BID,12.49,17800
616,2016-08-24 10:08:35,ASK,12.5,26700
617,2016-08-24 10:08:35,ASK,12.5,14200
618,2016-08-24 10:08:35,BID,12.49,22800
619,2016-08-24 10:08:35,ASK,12.5,13800
620,2016-08-24 10:08:35,ASK,12.5,13500
621,2016-08-24 10:08:35,ASK,12.5,13200
622,2016-08-24 10:08:35,BID,12.49,23300
624,2016-08-24 10:08:35,ASK,12.5,13100
625,2016-08-24 10:08:35,TRADE,12.49,100
626,2016-08-24 10:08:35,BID,12.49,23200
627,2016-08-24 10:08:36,ASK,12.5,13000
628,2016-08-24 10:08:36,TRADE,12.49,100
629,2016-08-24 10:08:36,BID,12.49,23100
630,2016-08-24 10:08:36,ASK,12.5,18000
631,2016-08-24 10:08:37,ASK,12.5,18200
632,2016-08-24 10:08:38,ASK,12.5,28200
633,2016-08-24 10:08:38,TRADE,12.49,4000
634,2016-08-24 10:08:38,BID,12.49,19100
635,2016-08-24 10:08:39,ASK,12.5,28900
636,2016-08-24 10:08:39,ASK,12.5,27900
637,2016-08-24 10:08:39,ASK,12.5,27800
638,2016-08-24 10:08:41,ASK,12.5,27700
639,2016-08-24 10:08:41,BID,12.49,20100
640,2016-08-24 10:08:41,BID,12.49,19100
641,2016-08-24 10:08:42,BID,12.49,21900
642,2016-08-24 10:08:42,BID,12.49,22900
643,2016-08-24 10:08:43,TRADE,12.49,700
644,2016-08-24 10:08:43,BID,12.49,22200
645,2016-08-24 10:08:43,TRADE,12.49,2200
646,2016-08-24 10:08:43,BID,12.49,20000
647,2016-08-24 10:08:44,ASK,12.5,28200
648,2016-08-24 10:08:44,BID,12.49,20500
649,2016-08-24 10:08:44,BID,12.49,21000
650,2016-08-24 10:08:44,BID,12.49,21500
651,2016-08-24 10:08:44,BID,12.49,22500
652,2016-08-24 10:08:46,ASK,12.5,27700
653,2016-08-24 10:08:48,BID,12.49,24500
654,2016-08-24 10:08:48,BID,12.49,26100
655,2016-08-24 10:08:48,ASK,12.5,22700
656,2016-08-24 10:08:48,BID,12.49,26300
657,2016-08-24 10:08:49,BID,12.49,25800
658,2016-08-24 10:08:49,BID,12.49,25300
659,2016-08-24 10:08:49,BID,12.49,24800
660,2016-08-24 10:08:49,BID,12.49,23800
661,2016-08-24 10:08:50,TRADE,12.49,800
662,2016-08-24 10:08:50,BID,12.49,23000
663,2016-08-24 10:08:50,ASK,12.5,27700
664,2016-08-24 10:08:52,TRADE,12.49,500
665,2016-08-24 10:08:52,BID,12.49,22500
666,2016-08-24 10:08:54,ASK,12.5,28000
667,2016-08-24 10:08:54,TRADE,12.5,100
668,2016-08-24 10:08:54,TRADE,12.5,2100
669,2016-08-24 10:08:54,TRADE,12.5,500
670,2016-08-24 10:08:54,TRADE,12.5,900
671,2016-08-24 10:08:54,TRADE,12.5,900
672,2016-08-24 10:08:54,TRADE,12.5,1000
673,2016-08-24 10:08:54,TRADE,12.5,4500
674,2016-08-24 10:08:54,ASK,12.5,18000
675,2016-08-24 10:08:54,ASK,12.5,13000
676,2016-08-24 10:08:54,TRADE,12.5,500
677,2016-08-24 10:08:54,TRADE,12.5,10000
678,2016-08-24 10:08:54,TRADE,12.5,2500
679,2016-08-24 10:08:54,ASK,12.51,28800
680,2016-08-24 10:08:54,BID,12.49,24000
681,2016-08-24 10:08:54,BID,12.5,300
682,2016-08-24 10:08:54,BID,12.5,800
683,2016-08-24 10:08:54,BID,12.5,1200
684,2016-08-24 10:08:54,BID,12.5,1500
685,2016-08-24 10:08:54,ASK,12.51,16300
686,2016-08-24 10:08:54,ASK,12.51,16800
687,2016-08-24 10:08:54,BID,12.5,6500
688,2016-08-24 10:08:54,ASK,12.51,16300
689,2016-08-24 10:08:55,ASK,12.51,14800
690,2016-08-24 10:08:56,ASK,12.51,14700
691,2016-08-24 10:08:57,BID,12.5,10300
692,2016-08-24 10:08:58,ASK,12.51,14600
693,2016-08-24 10:08:59,BID,12.5,11300
694,2016-08-24 10:08:59,BID,12.5,10300
695,2016-08-24 10:09:00,TRADE,12.51,200
696,2016-08-24 10:09:00,ASK,12.51,14400
697,2016-08-24 10:09:00,TRADE,12.51,2700
698,2016-08-24 10:09:00,TRADE,12.51,1000
699,2016-08-24 10:09:00,TRADE,12.51,8000
700,2016-08-24 10:09:00,TRADE,12.51,1600
701,2016-08-24 10:09:00,TRADE,12.51,100
702,2016-08-24 10:09:00,TRADE,12.51,1000
703,2016-08-24 10:09:00,ASK,12.52,37300
704,2016-08-24 10:09:00,ASK,12.52,24800
705,2016-08-24 10:09:00,BID,12.51,300
706,2016-08-24 10:09:00,BID,12.51,700
707,2016-08-24 10:09:00,BID,12.51,1000
708,2016-08-24 10:09:00,ASK,12.52,25300
709,2016-08-24 10:09:00,BID,12.51,4000
710,2016-08-24 10:09:00,ASK,12.52,30300
711,2016-08-24 10:09:00,BID,12.51,1000
712,2016-08-24 10:09:00,BID,12.51,700
713,2016-08-24 10:09:01,BID,12.51,400
714,2016-08-24 10:09:01,BID,12.51,700
715,2016-08-24 10:09:02,BID,12.51,1000
716,2016-08-24 10:09:02,BID,12.51,6000
717,2016-08-24 10:09:03,ASK,12.52,30200
718,2016-08-24 10:09:05,BID,12.51,6500
719,2016-08-24 10:09:06,BID,12.51,6200
720,2016-08-24 10:09:07,BID,12.51,5900
721,2016-08-24 10:09:07,BID,12.51,900
722,2016-08-24 10:09:07,BID,12.51,400
723,2016-08-24 10:09:07,BID,12.5,12300
724,2016-08-24 10:09:11,BID,12.5,13300
725,2016-08-24 10:09:12,ASK,12.51,1800
726,2016-08-24 10:09:12,BID,12.5,15300
727,2016-08-24 10:09:12,TRADE,12.51,1800
728,2016-08-24 10:09:12,BID,12.51,8200
729,2016-08-24 10:09:12,ASK,12.52,42700
730,2016-08-24 10:09:12,ASK,12.52,30200
731,2016-08-24 10:09:12,BID,12.51,8700
732,2016-08-24 10:09:12,TRADE,12.51,100
733,2016-08-24 10:09:12,BID,12.51,8600
734,2016-08-24 10:09:12,ASK,12.52,30100
735,2016-08-24 10:09:12,BID,12.51,8100
736,2016-08-24 10:09:12,BID,12.51,8200
737,2016-08-24 10:09:12,BID,12.51,8300
738,2016-08-24 10:09:13,TRADE,12.51,8100
739,2016-08-24 10:09:13,TRADE,12.51,100
740,2016-08-24 10:09:13,TRADE,12.51,100
741,2016-08-24 10:09:13,BID,12.5,15300
742,2016-08-24 10:09:13,ASK,12.51,11700
743,2016-08-24 10:09:13,ASK,12.51,12200
744,2016-08-24 10:09:13,ASK,12.51,17200
745,2016-08-24 10:09:13,BID,12.5,15000
746,2016-08-24 10:09:13,BID,12.5,13000
747,2016-08-24 10:09:13,BID,12.5,12000
748,2016-08-24 10:09:13,BID,12.5,7000
749,2016-08-24 10:09:13,BID,12.5,6500
750,2016-08-24 10:09:14,ASK,12.51,24000
751,2016-08-24 10:09:14,BID,12.5,6100
752,2016-08-24 10:09:14,ASK,12.51,23900
753,2016-08-24 10:09:15,TRADE,12.51,10000
754,2016-08-24 10:09:15,ASK,12.51,13900
755,2016-08-24 10:09:15,BID,12.5,6600
756,2016-08-24 10:09:15,BID,12.5,7000
757,2016-08-24 10:09:15,BID,12.5,12000
758,2016-08-24 10:09:15,ASK,12.51,13400
759,2016-08-24 10:09:16,TRADE,12.5,300
760,2016-08-24 10:09:16,TRADE,12.5,3800
761,2016-08-24 10:09:16,TRADE,12.5,200
762,2016-08-24 10:09:16,BID,12.5,7700
763,2016-08-24 10:09:16,ASK,12.51,12700
764,2016-08-24 10:09:16,ASK,12.51,13200
765,2016-08-24 10:09:16,TRADE,12.5,1800
766,2016-08-24 10:09:16,TRADE,12.5,500
767,2016-08-24 10:09:16,TRADE,12.5,400
768,2016-08-24 10:09:16,TRADE,12.5,300
769,2016-08-24 10:09:16,BID,12.5,4700
770,2016-08-24 10:09:16,BID,12.49,43700
771,2016-08-24 10:09:16,BID,12.5,300
772,2016-08-24 10:09:16,BID,12.5,700
773,2016-08-24 10:09:16,ASK,12.51,19200
774,2016-08-24 10:09:16,ASK,12.51,20700
775,2016-08-24 10:09:16,BID,12.5,300
776,2016-08-24 10:09:16,BID,12.49,32200
777,2016-08-24 10:09:16,ASK,12.5,500
778,2016-08-24 10:09:16,BID,12.49,30200
779,2016-08-24 10:09:16,BID,12.49,28600
780,2016-08-24 10:09:17,ASK,12.5,800
781,2016-08-24 10:09:17,ASK,12.5,5800
782,2016-08-24 10:09:17,ASK,12.5,6200
783,2016-08-24 10:09:17,ASK,12.5,11000
784,2016-08-24 10:09:17,ASK,12.5,11500
785,2016-08-24 10:09:17,BID,12.49,30600
786,2016-08-24 10:09:17,BID,12.49,32200
787,2016-08-24 10:09:17,ASK,12.5,11000
788,2016-08-24 10:09:17,ASK,12.5,6000
789,2016-08-24 10:09:17,ASK,12.5,5700
790,2016-08-24 10:09:17,ASK,12.5,5300
791,2016-08-24 10:09:18,ASK,12.5,5700
792,2016-08-24 10:09:18,ASK,12.5,6000
793,2016-08-24 10:09:19,ASK,12.5,5600
794,2016-08-24 10:09:19,BID,12.49,31200
795,2016-08-24 10:09:22,ASK,12.5,4400
796,2016-08-24 10:09:22,ASK,12.5,4900
797,2016-08-24 10:09:22,ASK,12.5,5300
798,2016-08-24 10:09:22,ASK,12.5,4800
799,2016-08-24 10:09:22,TRADE,12.5,500
800,2016-08-24 10:09:22,ASK,12.5,4300
801,2016-08-24 10:09:22,ASK,12.5,3900
802,2016-08-24 10:09:22,ASK,12.5,3600
803,2016-08-24 10:09:24,BID,12.49,30500
804,2016-08-24 10:09:25,ASK,12.5,4100
805,2016-08-24 10:09:25,ASK,12.5,4400
806,2016-08-24 10:09:25,BID,12.49,30000
807,2016-08-24 10:09:25,ASK,12.5,4800
808,2016-08-24 10:09:25,ASK,12.5,4300
809,2016-08-24 10:09:25,BID,12.49,30500
810,2016-08-24 10:09:25,ASK,12.5,9300
811,2016-08-24 10:09:25,ASK,12.5,9800
812,2016-08-24 10:09:25,BID,12.49,28500
813,2016-08-24 10:09:25,BID,12.49,26900
814,2016-08-24 10:09:25,TRADE,12.49,1200
815,2016-08-24 10:09:25,BID,12.49,25700
816,2016-08-24 10:09:25,BID,12.49,25200
817,2016-08-24 10:09:25,TRADE,12.49,1200
818,2016-08-24 10:09:25,BID,12.49,24000
819,2016-08-24 10:09:25,BID,12.49,19000
820,2016-08-24 10:09:27,ASK,12.5,9100
821,2016-08-24 10:09:27,BID,12.49,24000
822,2016-08-24 10:09:28,TRADE,12.5,1800
823,2016-08-24 10:09:28,ASK,12.5,7300
824,2016-08-24 10:09:28,ASK,12.5,6900
825,2016-08-24 10:09:28,ASK,12.5,1900
826,2016-08-24 10:09:28,ASK,12.5,1600
827,2016-08-24 10:09:28,BID,12.49,24500
828,2016-08-24 10:09:29,ASK,12.5,1100
829,2016-08-24 10:09:32,ASK,12.5,2300
830,2016-08-24 10:09:34,BID,12.49,26500
831,2016-08-24 10:09:34,BID,12.49,28100
832,2016-08-24 10:09:34,TRADE,12.5,1100
833,2016-08-24 10:09:34,TRADE,12.5,900
834,2016-08-24 10:09:34,BID,12.49,26100
835,2016-08-24 10:09:34,ASK,12.5,300
836,2016-08-24 10:09:34,BID,12.49,28100
837,2016-08-24 10:09:34,TRADE,12.5,300
838,2016-08-24 10:09:34,BID,12.5,1700
839,2016-08-24 10:09:34,ASK,12.51,33400
840,2016-08-24 10:09:34,BID,12.5,2100
841,2016-08-24 10:09:34,BID,12.5,2400
842,2016-08-24 10:09:34,BID,12.5,2700
843,2016-08-24 10:09:34,BID,12.5,7700
844,2016-08-24 10:09:34,BID,12.5,6000
845,2016-08-24 10:09:34,TRADE,12.51,100
846,2016-08-24 10:09:34,ASK,12.51,33300
847,2016-08-24 10:09:34,BID,12.5,7600
848,2016-08-24 10:09:34,BID,12.5,9200
849,2016-08-24 10:09:34,BID,12.5,7600
850,2016-08-24 10:09:34,BID,12.5,2600
851,2016-08-24 10:09:34,BID,12.5,2300
852,2016-08-24 10:09:34,BID,12.5,1900
853,2016-08-24 10:09:34,BID,12.5,1600
854,2016-08-24 10:09:34,BID,12.49,27700
855,2016-08-24 10:09:35,ASK,12.51,20800
856,2016-08-24 10:09:35,TRADE,12.51,1600
857,2016-08-24 10:09:35,TRADE,12.51,400
858,2016-08-24 10:09:35,ASK,12.51,18800
859,2016-08-24 10:09:35,BID,12.5,5000
860,2016-08-24 10:09:35,TRADE,12.51,4600
861,2016-08-24 10:09:35,TRADE,12.51,6000
862,2016-08-24 10:09:35,TRADE,12.51,500
863,2016-08-24 10:09:35,TRADE,12.51,6000
864,2016-08-24 10:09:35,TRADE,12.51,1500
865,2016-08-24 10:09:35,TRADE,12.51,100
866,2016-08-24 10:09:35,TRADE,12.51,100
867,2016-08-24 10:09:35,ASK,12.52,42600
868,2016-08-24 10:09:35,BID,12.5,5300
869,2016-08-24 10:09:35,BID,12.5,5800
870,2016-08-24 10:09:35,BID,12.5,6200
871,2016-08-24 10:09:35,BID,12.5,6500
872,2016-08-24 10:09:35,ASK,12.52,30100
873,2016-08-24 10:09:35,BID,12.51,300
874,2016-08-24 10:09:35,BID,12.51,700
875,2016-08-24 10:09:35,BID,12.51,5700
876,2016-08-24 10:09:35,BID,12.51,6000
877,2016-08-24 10:09:35,ASK,12.52,30600
878,2016-08-24 10:09:35,ASK,12.52,32600
879,2016-08-24 10:09:35,BID,12.51,1000
880,2016-08-24 10:09:35,BID,12.51,700
881,2016-08-24 10:09:35,BID,12.51,1000
882,2016-08-24 10:09:35,BID,12.51,700
883,2016-08-24 10:09:35,ASK,12.52,34600
884,2016-08-24 10:09:35,TRADE,12.52,400
885,2016-08-24 10:09:35,TRADE,12.52,4600
886,2016-08-24 10:09:35,ASK,12.52,29600
887,2016-08-24 10:09:35,BID,12.51,5700
888,2016-08-24 10:09:35,BID,12.51,6000
889,2016-08-24 10:09:36,ASK,12.52,27600
890,2016-08-24 10:09:36,ASK,12.52,27100
891,2016-08-24 10:09:36,BID,12.51,6500
892,2016-08-24 10:09:36,ASK,12.52,25100
893,2016-08-24 10:09:36,ASK,12.52,20100
894,2016-08-24 10:09:36,TRADE,12.51,100
895,2016-08-24 10:09:36,BID,12.51,6400
896,2016-08-24 10:09:38,TRADE,12.52,100
897,2016-08-24 10:09:38,ASK,12.52,20000
898,2016-08-24 10:09:38,ASK,12.52,19500
899,2016-08-24 10:09:39,ASK,12.52,19600
900,2016-08-24 10:09:39,ASK,12.52,19300
901,2016-08-24 10:09:39,ASK,12.52,20200
902,2016-08-24 10:09:41,TRADE,12.52,800
903,2016-08-24 10:09:41,TRADE,12.51,200
904,2016-08-24 10:09:41,TRADE,12.51,400
905,2016-08-24 10:09:41,TRADE,12.51,100
906,2016-08-24 10:09:43,BID,12.51,5700
907,2016-08-24 10:09:43,BID,12.51,6000
908,2016-08-24 10:09:43,BID,12.51,6400
909,2016-08-24 10:09:43,ASK,12.52,25200
910,2016-08-24 10:09:43,ASK,12.52,25700
911,2016-08-24 10:09:44,TRADE,12.51,100
912,2016-08-24 10:09:44,BID,12.51,6300
913,2016-08-24 10:09:46,TRADE,12.52,300
914,2016-08-24 10:09:46,TRADE,12.52,200
915,2016-08-24 10:09:46,ASK,12.52,25200
916,2016-08-24 10:09:46,ASK,12.52,24700
917,2016-08-24 10:09:47,ASK,12.52,25200
918,2016-08-24 10:09:47,BID,12.51,6000
919,2016-08-24 10:09:47,BID,12.51,1200
920,2016-08-24 10:09:47,BID,12.51,900
921,2016-08-24 10:09:47,BID,12.51,400
922,2016-08-24 10:09:47,BID,12.5,7500
923,2016-08-24 10:09:47,ASK,12.51,500
924,2016-08-24 10:09:47,ASK,12.52,25200
925,2016-08-24 10:09:47,ASK,12.51,400
926,2016-08-24 10:09:47,ASK,12.51,700
927,2016-08-24 10:09:49,ASK,12.51,900
928,2016-08-24 10:09:49,ASK,12.51,1100
929,2016-08-24 10:09:49,ASK,12.51,1600
930,2016-08-24 10:09:50,TRADE,12.51,400
931,2016-08-24 10:09:50,TRADE,12.51,300
932,2016-08-24 10:09:50,TRADE,12.51,200
933,2016-08-24 10:09:50,TRADE,12.51,200
934,2016-08-24 10:09:50,TRADE,12.51,500
935,2016-08-24 10:09:50,BID,12.51,3400
936,2016-08-24 10:09:50,ASK,12.52,37700
937,2016-08-24 10:09:50,TRADE,12.51,300
938,2016-08-24 10:09:50,BID,12.51,3100
939,2016-08-24 10:09:50,ASK,12.52,25200
940,2016-08-24 10:09:50,TRADE,12.51,3100
941,2016-08-24 10:09:50,BID,12.5,7500
942,2016-08-24 10:09:50,BID,12.5,9100
943,2016-08-24 10:09:51,BID,12.51,300
944,2016-08-24 10:09:51,BID,12.51,700
945,2016-08-24 10:09:51,BID,12.51,1000
946,2016-08-24 10:09:51,ASK,12.52,37700
947,2016-08-24 10:09:51,BID,12.51,700
948,2016-08-24 10:09:53,TRADE,12.51,300
949,2016-08-24 10:09:53,TRADE,12.51,100
950,2016-08-24 10:09:53,BID,12.51,300
951,2016-08-24 10:09:53,BID,12.5,9100
952,2016-08-24 10:09:53,BID,12.5,17100
953,2016-08-24 10:09:53,BID,12.51,400
954,2016-08-24 10:09:54,BID,12.5,17100
955,2016-08-24 10:09:54,BID,12.5,26300
956,2016-08-24 10:09:54,BID,12.51,400
957,2016-08-24 10:09:54,BID,12.51,700
958,2016-08-24 10:09:54,BID,12.51,1000
959,2016-08-24 10:09:56,ASK,12.52,41700
960,2016-08-24 10:09:57,TRADE,12.52,1000
961,2016-08-24 10:09:57,ASK,12.52,40700
962,2016-08-24 10:09:57,BID,12.51,6000
963,2016-08-24 10:09:57,BID,12.51,11000
964,2016-08-24 10:09:58,TRADE,12.51,300
965,2016-08-24 10:09:58,BID,12.51,10700
966,2016-08-24 10:10:00,BID,12.51,11200
967,2016-08-24 10:10:00,BID,12.51,12200
968,2016-08-24 10:10:01,TRADE,12.51,100
969,2016-08-24 10:10:01,TRADE,12.51,300
970,2016-08-24 10:10:01,TRADE,12.51,300
971,2016-08-24 10:10:01,TRADE,12.51,4300
972,2016-08-24 10:10:01,BID,12.51,7200
973,2016-08-24 10:10:01,BID,12.51,2200
974,2016-08-24 10:10:01,BID,12.51,1700
975,2016-08-24 10:10:01,BID,12.51,2000
976,2016-08-24 10:10:01,BID,12.51,2300
977,2016-08-24 10:10:01,BID,12.51,2700
978,2016-08-24 10:10:01,BID,12.51,7700
979,2016-08-24 10:10:01,BID,12.51,8200
980,2016-08-24 10:10:03,TRADE,12.51,600
981,2016-08-24 10:10:03,BID,12.51,7600
982,2016-08-24 10:10:03,ASK,12.52,40200
983,2016-08-24 10:10:04,BID,12.51,7900
984,2016-08-24 10:10:04,ASK,12.52,40700
985,2016-08-24 10:10:05,BID,12.51,8500
986,2016-08-24 10:10:05,BID,12.51,15100
987,2016-08-24 10:10:08,TRADE,12.51,100
988,2016-08-24 10:10:08,TRADE,12.51,200
989,2016-08-24 10:10:08,BID,12.51,14800
990,2016-08-24 10:10:08,ASK,12.52,39200
991,2016-08-24 10:10:08,BID,12.51,14900
992,2016-08-24 10:10:11,ASK,12.52,38700
993,2016-08-24 10:10:12,BID,12.51,15000
994,2016-08-24 10:10:12,TRADE,12.51,800
995,2016-08-24 10:10:12,TRADE,12.51,100
996,2016-08-24 10:10:12,BID,12.51,14100
997,2016-08-24 10:10:12,TRADE,12.51,200
998,2016-08-24 10:10:12,TRADE,12.51,200
999,2016-08-24 10:10:12,BID,12.51,13700
1000,2016-08-24 10:10:12,ASK,12.52,41300
1001,2016-08-24 10:10:12,BID,12.51,13600
1002,2016-08-24 10:10:13,TRADE,12.51,200
1003,2016-08-24 10:10:13,BID,12.51,13400
1004,2016-08-24 10:10:13,BID,12.51,8400
1005,2016-08-24 10:10:13,TRADE,12.51,200
1006,2016-08-24 10:10:13,TRADE,12.51,500
1007,2016-08-24 10:10:13,TRADE,12.51,300
1008,2016-08-24 10:10:13,TRADE,12.51,200
1009,2016-08-24 10:10:13,BID,12.51,7200
1010,2016-08-24 10:10:13,BID,12.51,7700
1011,2016-08-24 10:10:13,ASK,12.52,42800
1012,2016-08-24 10:10:13,ASK,12.52,43300
1013,2016-08-24 10:10:13,TRADE,12.51,400
1014,2016-08-24 10:10:13,TRADE,12.51,800
1015,2016-08-24 10:10:13,BID,12.51,6500
1016,2016-08-24 10:10:13,BID,12.51,6000
1017,2016-08-24 10:10:13,TRADE,12.51,1200
1018,2016-08-24 10:10:13,BID,12.51,4800
1019,2016-08-24 10:10:13,TRADE,12.51,1100
1020,2016-08-24 10:10:13,BID,12.51,3700
1021,2016-08-24 10:10:13,TRADE,12.51,700
1022,2016-08-24 10:10:13,BID,12.51,3000
1023,2016-08-24 10:10:13,TRADE,12.51,500
1024,2016-08-24 10:10:13,BID,12.51,2500
1025,2016-08-24 10:10:13,TRADE,12.51,1200
1026,2016-08-24 10:10:13,BID,12.51,1300
1027,2016-08-24 10:10:13,TRADE,12.51,400
1028,2016-08-24 10:10:13,BID,12.51,900
1029,2016-08-24 10:10:13,TRADE,12.51,700
1030,2016-08-24 10:10:13,TRADE,12.51,100
1031,2016-08-24 10:10:13,TRADE,12.51,100
1032,2016-08-24 10:10:13,BID,12.5,27700
1033,2016-08-24 10:10:13,ASK,12.51,300
1034,2016-08-24 10:10:13,ASK,12.51,5300
1035,2016-08-24 10:10:13,ASK,12.51,5700
1036,2016-08-24 10:10:14,ASK,12.51,7500
1037,2016-08-24 10:10:14,ASK,12.51,8000
1038,2016-08-24 10:10:14,ASK,12.51,7500
1039,2016-08-24 10:10:14,BID,12.5,27400
1040,2016-08-24 10:10:15,ASK,12.51,8000
1041,2016-08-24 10:10:15,ASK,12.51,7500
1042,2016-08-24 10:10:15,TRADE,12.51,100
1043,2016-08-24 10:10:15,ASK,12.51,7400
1044,2016-08-24 10:10:15,BID,12.5,28900
1045,2016-08-24 10:10:15,ASK,12.51,2400
1046,2016-08-24 10:10:15,BID,12.5,26900
1047,2016-08-24 10:10:15,ASK,12.51,2000
1048,2016-08-24 10:10:16,ASK,12.51,6000
1049,2016-08-24 10:10:16,ASK,12.51,6400
1050,2016-08-24 10:10:18,TRADE,12.51,200
1051,2016-08-24 10:10:18,TRADE,12.51,1800
1052,2016-08-24 10:10:18,ASK,12.51,4400
1053,2016-08-24 10:10:18,ASK,12.51,4000
1054,2016-08-24 10:10:18,ASK,12.51,4300
1055,2016-08-24 10:10:19,ASK,12.51,4400
1056,2016-08-24 10:10:21,TRADE,12.51,1300
1057,2016-08-24 10:10:21,ASK,12.51,3100
1058,2016-08-24 10:10:25,BID,12.5,27400
1059,2016-08-24 10:10:25,BID,12.5,28400
1060,2016-08-24 10:10:25,BID,12.5,28900
1061,2016-08-24 10:10:25,BID,12.5,29400
1062,2016-08-24 10:10:25,BID,12.5,28900
1063,2016-08-24 10:10:25,BID,12.5,28400
1064,2016-08-24 10:10:25,BID,12.5,27900
1065,2016-08-24 10:10:25,BID,12.5,26900
1066,2016-08-24 10:10:30,ASK,12.51,3400
1067,2016-08-24 10:10:31,TRADE,12.51,1700
1068,2016-08-24 10:10:31,ASK,12.51,1700
1074,2016-08-24 10:10:32,ASK,12.51,1800
1075,2016-08-24 10:10:33,TRADE,12.51,1000
1076,2016-08-24 10:10:33,ASK,12.51,800
1077,2016-08-24 10:10:33,BID,12.5,28400
1078,2016-08-24 10:10:33,ASK,12.51,500
1079,2016-08-24 10:10:33,ASK,12.51,200
1080,2016-08-24 10:10:33,BID,12.5,30300
1081,2016-08-24 10:10:33,ASK,12.51,700
1082,2016-08-24 10:10:34,TRADE,12.5,300
1083,2016-08-24 10:10:34,BID,12.5,30000
1084,2016-08-24 10:10:35,TRADE,12.51,100
1085,2016-08-24 10:10:35,TRADE,12.51,100
1086,2016-08-24 10:10:35,TRADE,12.51,500
1087,2016-08-24 10:10:35,ASK,12.52,37200
1088,2016-08-24 10:10:35,TRADE,12.52,800
1088,2016-08-24 10:10:35,ASK,12.52,36400
1089,2016-08-24 10:10:35,BID,12.51,400
1090,2016-08-24 10:10:35,BID,12.51,900
1091,2016-08-24 10:10:35,ASK,12.52,23900
1092,2016-08-24 10:10:35,BID,12.51,5900
1093,2016-08-24 10:10:35,BID,12.51,6200
1094,2016-08-24 10:10:35,BID,12.51,6500
1095,2016-08-24 10:10:35,ASK,12.52,23400
1096,2016-08-24 10:10:35,ASK,12.52,23300
1097,2016-08-24 10:10:35,BID,12.51,6000
1098,2016-08-24 10:10:35,ASK,12.52,23800
1099,2016-08-24 10:10:35,BID,12.51,6500
1100,2016-08-24 10:10:36,TRADE,12.51,300
1101,2016-08-24 10:10:36,BID,12.51,6200
1102,2016-08-24 10:10:36,TRADE,12.52,1000
1103,2016-08-24 10:10:36,ASK,12.52,22800
1104,2016-08-24 10:10:36,ASK,12.52,31300
1105,2016-08-24 10:10:36,TRADE,12.52,100
1106,2016-08-24 10:10:36,ASK,12.52,31200
1107,2016-08-24 10:10:36,TRADE,12.52,500
1108,2016-08-24 10:10:36,ASK,12.52,30700
1109,2016-08-24 10:10:37,BID,12.51,7400
1110,2016-08-24 10:10:39,BID,12.51,7700
1111,2016-08-24 10:10:39,TRADE,12.52,800
1112,2016-08-24 10:10:39,ASK,12.52,29900
1113,2016-08-24 10:10:39,BID,12.51,8000
1114,2016-08-24 10:10:39,TRADE,12.52,2000
1115,2016-08-24 10:10:39,ASK,12.52,27900
1116,2016-08-24 10:10:39,ASK,12.52,27400
1117,2016-08-24 10:10:39,ASK,12.52,25900
1118,2016-08-24 10:10:40,TRADE,12.52,300
1119,2016-08-24 10:10:40,ASK,12.52,25600
1120,2016-08-24 10:10:41,TRADE,12.51,100
1121,2016-08-24 10:10:41,TRADE,12.51,400
1122,2016-08-24 10:10:41,BID,12.51,7500
1123,2016-08-24 10:10:41,TRADE,12.52,1000
1124,2016-08-24 10:10:41,ASK,12.52,24600
1125,2016-08-24 10:10:41,TRADE,12.52,400
1126,2016-08-24 10:10:41,ASK,12.52,24200
1127,2016-08-24 10:10:42,TRADE,12.52,200
1128,2016-08-24 10:10:42,ASK,12.52,24000
1129,2016-08-24 10:10:42,ASK,12.52,27000
1130,2016-08-24 10:10:42,TRADE,12.52,1700
1131,2016-08-24 10:10:42,TRADE,12.52,1300
1132,2016-08-24 10:10:42,ASK,12.52,24000
1133,2016-08-24 10:10:42,ASK,12.52,19000
1134,2016-08-24 10:10:42,BID,12.51,9000
1135,2016-08-24 10:10:43,ASK,12.52,18900
1136,2016-08-24 10:10:43,TRADE,12.52,1700
1137,2016-08-24 10:10:43,TRADE,12.52,300
1138,2016-08-24 10:10:43,ASK,12.52,16900
1139,2016-08-24 10:10:44,TRADE,12.52,1000
1140,2016-08-24 10:10:44,ASK,12.52,15900
1141,2016-08-24 10:10:44,BID,12.51,12000
1142,2016-08-24 10:10:45,BID,12.51,12800
1143,2016-08-24 10:10:46,BID,12.51,15300
1144,2016-08-24 10:10:48,TRADE,12.52,3100
1145,2016-08-24 10:10:48,TRADE,12.52,100
1146,2016-08-24 10:10:48,TRADE,12.52,900
1147,2016-08-24 10:10:48,TRADE,12.52,300
1148,2016-08-24 10:10:48,TRADE,12.52,5100
1149,2016-08-24 10:10:48,ASK,12.52,6400
1150,2016-08-24 10:10:48,TRADE,12.52,3400
1151,2016-08-24 10:10:48,TRADE,12.52,3000
1152,2016-08-24 10:10:48,ASK,12.53,28800
1153,2016-08-24 10:10:48,BID,12.52,5000
1154,2016-08-24 10:10:48,BID,12.52,5300
1155,2016-08-24 10:10:48,BID,12.52,5800
1156,2016-08-24 10:10:48,BID,12.52,6200
1157,2016-08-24 10:10:48,ASK,12.53,16300
1158,2016-08-24 10:10:48,BID,12.52,6500
1159,2016-08-24 10:10:48,ASK,12.53,16800
1160,2016-08-24 10:10:48,ASK,12.53,18800
1161,2016-08-24 10:10:48,ASK,12.53,20800
1162,2016-08-24 10:10:48,ASK,12.53,18800
1163,2016-08-24 10:10:49,ASK,12.53,23400
1164,2016-08-24 10:10:49,TRADE,12.53,100
1165,2016-08-24 10:10:49,ASK,12.53,23300
1166,2016-08-24 10:10:49,ASK,12.53,23200
1167,2016-08-24 10:10:49,ASK,12.53,23700
1168,2016-08-24 10:10:50,TRADE,12.53,400
1169,2016-08-24 10:10:50,ASK,12.53,23300
1170,2016-08-24 10:10:50,TRADE,12.53,200
1171,2016-08-24 10:10:50,ASK,12.53,23100
1172,2016-08-24 10:10:50,BID,12.52,9000
1173,2016-08-24 10:10:50,ASK,12.53,22900
1174,2016-08-24 10:10:52,ASK,12.53,20900
1175,2016-08-24 10:10:52,ASK,12.53,20400
1176,2016-08-24 10:10:52,ASK,12.53,18400
1177,2016-08-24 10:10:52,ASK,12.53,17900
1178,2016-08-24 10:10:52,BID,12.52,9600
1179,2016-08-24 10:10:53,BID,12.52,11600
1180,2016-08-24 10:10:54,ASK,12.53,18400
1181,2016-08-24 10:10:54,TRADE,12.53,800
1182,2016-08-24 10:10:54,ASK,12.53,17600
1183,2016-08-24 10:10:54,ASK,12.53,17100
1184,2016-08-24 10:10:57,TRADE,12.53,3500
1185,2016-08-24 10:10:57,TRADE,12.53,1000
1186,2016-08-24 10:10:57,TRADE,12.53,5000
1187,2016-08-24 10:10:57,TRADE,12.53,500
1188,2016-08-24 10:10:57,ASK,12.53,7100
1189,2016-08-24 10:10:57,BID,12.52,11700
1190,2016-08-24 10:10:57,TRADE,12.53,900
1191,2016-08-24 10:10:57,ASK,12.53,6200
1192,2016-08-24 10:10:58,TRADE,12.53,1000
1193,2016-08-24 10:10:58,ASK,12.53,5200
1194,2016-08-24 10:10:58,TRADE,12.53,600
1195,2016-08-24 10:10:58,TRADE,12.53,4600
1196,2016-08-24 10:10:58,BID,12.53,4800
1197,2016-08-24 10:10:58,ASK,12.54,25100
1198,2016-08-24 10:10:58,BID,12.53,9800
1199,2016-08-24 10:10:58,BID,12.53,10200
1200,2016-08-24 10:10:58,BID,12.53,10500
1201,2016-08-24 10:10:58,ASK,12.54,12600
1202,2016-08-24 10:10:58,BID,12.53,11000
1203,2016-08-24 10:10:58,ASK,12.54,13100
1204,2016-08-24 10:10:58,ASK,12.54,12600
1205,2016-08-24 10:10:58,ASK,12.54,13100
1206,2016-08-24 10:10:58,ASK,12.54,15100
1207,2016-08-24 10:10:58,ASK,12.54,17100
1208,2016-08-24 10:10:58,ASK,12.54,16600
1209,2016-08-24 10:10:58,ASK,12.54,18600
1210,2016-08-24 10:10:58,ASK,12.54,16600
1211,2016-08-24 10:10:58,BID,12.53,10500
1212,2016-08-24 10:10:58,ASK,12.54,17100
1213,2016-08-24 10:10:58,BID,12.53,11000
1214,2016-08-24 10:10:58,TRADE,12.53,400
1215,2016-08-24 10:10:58,BID,12.53,10600
1216,2016-08-24 10:10:58,ASK,12.54,19200
1217,2016-08-24 10:10:58,ASK,12.54,17200
1218,2016-08-24 10:10:59,ASK,12.54,19800
1219,2016-08-24 10:10:59,ASK,12.54,17800
1220,2016-08-24 10:10:59,BID,12.53,10100
1221,2016-08-24 10:10:59,TRADE,12.53,1200
1222,2016-08-24 10:10:59,BID,12.53,8900
1223,2016-08-24 10:10:59,BID,12.53,9400
1224,2016-08-24 10:10:59,BID,12.53,4400
1225,2016-08-24 10:10:59,BID,12.53,4100
1226,2016-08-24 10:10:59,BID,12.53,3600
1227,2016-08-24 10:10:59,BID,12.53,3700
1228,2016-08-24 10:11:00,ASK,12.54,30300
1229,2016-08-24 10:11:00,BID,12.53,3300
1230,2016-08-24 10:11:00,TRADE,12.54,100
1231,2016-08-24 10:11:00,ASK,12.54,30200
1232,2016-08-24 10:11:00,BID,12.53,3200
1233,2016-08-24 10:11:00,ASK,12.54,30000
1234,2016-08-24 10:11:00,TRADE,12.54,200
1235,2016-08-24 10:11:00,ASK,12.54,29800
1236,2016-08-24 10:11:00,BID,12.53,3600
1237,2016-08-24 10:11:01,ASK,12.54,29700
1238,2016-08-24 10:11:02,TRADE,12.53,1200
1239,2016-08-24 10:11:02,BID,12.53,2400
1240,2016-08-24 10:11:02,TRADE,12.53,2000
1241,2016-08-24 10:11:02,TRADE,12.53,400
1242,2016-08-24 10:11:02,BID,12.52,11900
1243,2016-08-24 10:11:02,ASK,12.53,300
1244,2016-08-24 10:11:02,ASK,12.53,5300
1245,2016-08-24 10:11:02,ASK,12.53,5700
1246,2016-08-24 10:11:02,ASK,12.53,6200
1247,2016-08-24 10:11:02,BID,12.52,11400
1248,2016-08-24 10:11:02,ASK,12.53,5700
1249,2016-08-24 10:11:02,BID,12.52,11900
1250,2016-08-24 10:11:03,TRADE,12.53,300
1251,2016-08-24 10:11:03,TRADE,12.53,300
1252,2016-08-24 10:11:03,ASK,12.53,5100
1253,2016-08-24 10:11:03,ASK,12.53,5400
1254,2016-08-24 10:11:03,ASK,12.53,5000
1255,2016-08-24 10:11:04,ASK,12.53,300
1256,2016-08-24 10:11:04,ASK,12.54,29700
1257,2016-08-24 10:11:05,BID,12.53,500
1258,2016-08-24 10:11:05,BID,12.52,11900
1259,2016-08-24 10:11:06,BID,12.53,2000
1260,2016-08-24 10:11:06,ASK,12.54,17200
1261,2016-08-24 10:11:06,BID,12.53,2300
1262,2016-08-24 10:11:06,BID,12.53,2700
1263,2016-08-24 10:11:06,BID,12.53,7700
1264,2016-08-24 10:11:06,BID,12.53,8200
1265,2016-08-24 10:11:06,BID,12.53,18200
1266,2016-08-24 10:11:06,BID,12.53,19200
1267,2016-08-24 10:11:06,ASK,12.54,15100
1268,2016-08-24 10:11:10,TRADE,12.53,100
1269,2016-08-24 10:11:10,BID,12.53,19100
1270,2016-08-24 10:11:10,BID,12.53,29100
1271,2016-08-24 10:11:11,TRADE,12.53,1200
1272,2016-08-24 10:11:11,BID,12.53,27900
1273,2016-08-24 10:11:11,BID,12.53,27400
1274,2016-08-24 10:11:12,ASK,12.54,15300
1275,2016-08-24 10:11:14,BID,12.53,22400
1276,2016-08-24 10:11:14,BID,12.53,22100
1277,2016-08-24 10:11:14,ASK,12.54,17500
1278,2016-08-24 10:11:14,BID,12.53,21700
1279,2016-08-24 10:11:14,TRADE,12.53,700
1280,2016-08-24 10:11:14,TRADE,12.53,500
1281,2016-08-24 10:11:14,BID,12.53,20500
1282,2016-08-24 10:11:15,ASK,12.54,19500
1283,2016-08-24 10:11:15,TRADE,12.53,9500
1284,2016-08-24 10:11:15,TRADE,12.53,1000
1285,2016-08-24 10:11:15,TRADE,12.53,9500
1286,2016-08-24 10:11:15,BID,12.53,500
1287,2016-08-24 10:11:15,TRADE,12.53,500
1288,2016-08-24 10:11:15,BID,12.52,10600
1289,2016-08-24 10:11:15,ASK,12.53,5000
1290,2016-08-24 10:11:15,ASK,12.53,5300
1291,2016-08-24 10:11:15,ASK,12.53,5800
1292,2016-08-24 10:11:15,ASK,12.53,6100
1293,2016-08-24 10:11:15,ASK,12.53,6500
1294,2016-08-24 10:11:15,BID,12.52,10300
1295,2016-08-24 10:11:15,ASK,12.53,19000
1296,2016-08-24 10:11:15,BID,12.52,9800
1297,2016-08-24 10:11:15,BID,12.52,4800
1298,2016-08-24 10:11:15,BID,12.52,4400
1299,2016-08-24 10:11:15,BID,12.52,4100
1300,2016-08-24 10:11:15,TRADE,12.52,600
1301,2016-08-24 10:11:15,TRADE,12.52,2000
1302,2016-08-24 10:11:15,TRADE,12.52,300
1303,2016-08-24 10:11:15,TRADE,12.52,1200
1304,2016-08-24 10:11:15,BID,12.51,21800
1305,2016-08-24 10:11:15,ASK,12.52,300
1306,2016-08-24 10:11:15,ASK,12.52,700
1307,2016-08-24 10:11:15,ASK,12.52,800
1308,2016-08-24 10:11:15,ASK,12.52,1300
1309,2016-08-24 10:11:15,ASK,12.52,900
1310,2016-08-24 10:11:15,ASK,12.52,800
1311,2016-08-24 10:11:15,ASK,12.52,300
1312,2016-08-24 10:11:15,BID,12.51,22800
1313,2016-08-24 10:11:15,BID,12.51,23800
1314,2016-08-24 10:11:15,BID,12.51,22800
1315,2016-08-24 10:11:15,BID,12.51,21800
1316,2016-08-24 10:11:16,ASK,12.52,6400
1317,2016-08-24 10:11:16,ASK,12.52,11400
1318,2016-08-24 10:11:16,BID,12.51,21500
1319,2016-08-24 10:11:17,TRADE,12.52,300
1320,2016-08-24 10:11:17,TRADE,12.52,1700
1321,2016-08-24 10:11:17,ASK,12.52,9400
1322,2016-08-24 10:11:17,TRADE,12.52,1200
1323,2016-08-24 10:11:17,ASK,12.52,8200
1324,2016-08-24 10:11:17,ASK,12.52,3200
1325,2016-08-24 10:11:17,ASK,12.52,3500
1326,2016-08-24 10:11:21,ASK,12.52,3700
1327,2016-08-24 10:11:24,BID,12.51,23500
1328,2016-08-24 10:11:24,ASK,12.52,3400
1329,2016-08-24 10:11:25,TRADE,12.52,500
1330,2016-08-24 10:11:25,ASK,12.52,2900
1334,2016-08-24 10:11:26,TRADE,12.52,100
1335,2016-08-24 10:11:26,ASK,12.52,2800
1337,2016-08-24 10:11:26,TRADE,12.52,500
1338,2016-08-24 10:11:26,ASK,12.52,2300
1342,2016-08-24 10:11:29,TRADE,12.52,2000
1343,2016-08-24 10:11:29,ASK,12.52,300
1344,2016-08-24 10:11:29,BID,12.51,24000
1345,2016-08-24 10:11:30,TRADE,12.52,100
1346,2016-08-24 10:11:30,TRADE,12.52,200
1347,2016-08-24 10:11:30,ASK,12.53,31000
1348,2016-08-24 10:11:30,BID,12.52,5000
1349,2016-08-24 10:11:30,BID,12.52,5300
1350,2016-08-24 10:11:30,BID,12.52,5700
1351,2016-08-24 10:11:30,BID,12.52,6000
1352,2016-08-24 10:11:30,ASK,12.53,30600
1353,2016-08-24 10:11:30,BID,12.52,6500
1354,2016-08-24 10:11:30,BID,12.52,6000
1355,2016-08-24 10:11:30,BID,12.52,6500
1356,2016-08-24 10:11:30,ASK,12.53,18100
1357,2016-08-24 10:11:32,BID,12.52,9500
1358,2016-08-24 10:11:32,ASK,12.53,17800
1359,2016-08-24 10:11:33,BID,12.52,9900
1360,2016-08-24 10:11:33,ASK,12.53,27800
1361,2016-08-24 10:11:34,ASK,12.53,27300
1362,2016-08-24 10:11:35,ASK,12.53,29700
1363,2016-08-24 10:11:35,ASK,12.53,24700
1364,2016-08-24 10:11:36,TRADE,12.53,300
1365,2016-08-24 10:11:36,TRADE,12.53,700
1366,2016-08-24 10:11:36,ASK,12.53,23700
1367,2016-08-24 10:11:39,ASK,12.53,13700
1368,2016-08-24 10:11:40,ASK,12.53,3700
1369,2016-08-24 10:11:42,TRADE,12.52,1200
1370,2016-08-24 10:11:42,BID,12.52,8700
1371,2016-08-24 10:11:43,TRADE,12.53,200
1372,2016-08-24 10:11:43,ASK,12.53,3500
1373,2016-08-24 10:11:45,TRADE,12.53,600
1374,2016-08-24 10:11:45,TRADE,12.53,400
1375,2016-08-24 10:11:45,TRADE,12.53,100
1376,2016-08-24 10:11:45,TRADE,12.53,1100
1377,2016-08-24 10:11:45,ASK,12.53,1300
1378,2016-08-24 10:11:45,TRADE,12.53,1300
1379,2016-08-24 10:11:45,ASK,12.54,29500
1380,2016-08-24 10:11:45,BID,12.52,11500
1381,2016-08-24 10:11:45,ASK,12.54,17000
1382,2016-08-24 10:11:45,BID,12.53,400
1383,2016-08-24 10:11:45,BID,12.53,700
1384,2016-08-24 10:11:45,BID,12.53,1200
1385,2016-08-24 10:11:45,BID,12.53,6200
1386,2016-08-24 10:11:45,ASK,12.54,14800
1387,2016-08-24 10:11:45,ASK,12.54,15300
1388,2016-08-24 10:11:45,ASK,12.54,17300
1389,2016-08-24 10:11:45,ASK,12.54,19300
1390,2016-08-24 10:11:45,BID,12.53,5700
1391,2016-08-24 10:11:46,ASK,12.54,19900
1392,2016-08-24 10:11:47,ASK,12.54,18400
1393,2016-08-24 10:11:49,ASK,12.54,17900
1394,2016-08-24 10:11:49,ASK,12.54,17400
1395,2016-08-24 10:11:49,ASK,12.54,15400
1396,2016-08-24 10:11:50,ASK,12.54,15300
1397,2016-08-24 10:11:52,BID,12.53,7700
1398,2016-08-24 10:11:53,ASK,12.54,13800
1399,2016-08-24 10:11:53,TRADE,12.54,100
1400,2016-08-24 10:11:53,ASK,12.54,13700
1401,2016-08-24 10:11:54,TRADE,12.54,4600
1402,2016-08-24 10:11:54,TRADE,12.54,3000
1403,2016-08-24 10:11:54,TRADE,12.54,800
1404,2016-08-24 10:11:54,TRADE,12.54,2000
1405,2016-08-24 10:11:54,TRADE,12.54,500
1406,2016-08-24 10:11:54,TRADE,12.54,200
1407,2016-08-24 10:11:54,TRADE,12.54,2000
1408,2016-08-24 10:11:54,TRADE,12.54,600
1409,2016-08-24 10:11:54,BID,12.54,6300
1410,2016-08-24 10:11:54,ASK,12.55,27900
1411,2016-08-24 10:11:54,ASK,12.55,28400
1412,2016-08-24 10:11:54,ASK,12.55,15900
1413,2016-08-24 10:11:54,BID,12.54,11300
1414,2016-08-24 10:11:54,ASK,12.55,16400
1415,2016-08-24 10:11:54,ASK,12.55,18400
1416,2016-08-24 10:11:54,ASK,12.55,18900
1417,2016-08-24 10:11:54,ASK,12.55,19100
1418,2016-08-24 10:11:54,ASK,12.55,19300
1419,2016-08-24 10:11:54,ASK,12.55,21300
1420,2016-08-24 10:11:54,BID,12.54,6300
1421,2016-08-24 10:11:54,ASK,12.55,23300
1422,2016-08-24 10:11:54,ASK,12.55,22800
1423,2016-08-24 10:11:54,ASK,12.55,22600
1424,2016-08-24 10:11:54,ASK,12.55,22400
1425,2016-08-24 10:11:54,ASK,12.55,20400
1426,2016-08-24 10:11:55,ASK,12.55,22700
1427,2016-08-24 10:11:55,ASK,12.55,22600
1428,2016-08-24 10:11:57,BID,12.54,6400
1429,2016-08-24 10:11:58,ASK,12.55,22500
1430,2016-08-24 10:11:59,TRADE,12.55,1000
1431,2016-08-24 10:11:59,ASK,12.55,21500
1432,2016-08-24 10:11:59,BID,12.54,11400
1433,2016-08-24 10:11:59,TRADE,12.55,1000
1434,2016-08-24 10:11:59,TRADE,12.55,200
1435,2016-08-24 10:11:59,ASK,12.55,20300
1436,2016-08-24 10:11:59,TRADE,12.55,4800
1437,2016-08-24 10:11:59,TRADE,12.55,1500
1438,2016-08-24 10:11:59,TRADE,12.55,2000
1439,2016-08-24 10:11:59,TRADE,12.55,100
1440,2016-08-24 10:11:59,TRADE,12.55,700
1441,2016-08-24 10:11:59,TRADE,12.55,800
1442,2016-08-24 10:11:59,TRADE,12.55,1500
1443,2016-08-24 10:11:59,TRADE,12.55,1500
1444,2016-08-24 10:11:59,TRADE,12.55,100
1445,2016-08-24 10:11:59,TRADE,12.55,500
1446,2016-08-24 10:11:59,TRADE,12.55,2000
1447,2016-08-24 10:11:59,TRADE,12.55,500
1448,2016-08-24 10:11:59,TRADE,12.55,1000
1449,2016-08-24 10:11:59,ASK,12.55,3300
1450,2016-08-24 10:11:59,BID,12.54,11900
1451,2016-08-24 10:11:59,ASK,12.55,7200
1452,2016-08-24 10:11:59,ASK,12.55,6200
1453,2016-08-24 10:12:00,ASK,12.55,11200
1454,2016-08-24 10:12:00,ASK,12.55,11300
1455,2016-08-24 10:12:00,TRADE,12.55,100
1456,2016-08-24 10:12:00,ASK,12.55,11200
1457,2016-08-24 10:12:00,BID,12.54,11800
1458,2016-08-24 10:12:04,TRADE,12.55,2200
1459,2016-08-24 10:12:04,TRADE,12.55,3900
1460,2016-08-24 10:12:04,TRADE,12.55,3900
1461,2016-08-24 10:12:04,ASK,12.55,1200
1462,2016-08-24 10:12:04,ASK,12.55,11200
1463,2016-08-24 10:12:05,ASK,12.55,13200
1464,2016-08-24 10:12:05,ASK,12.55,13700
1465,2016-08-24 10:12:05,ASK,12.55,14700
1466,2016-08-24 10:12:06,ASK,12.55,19500
1467,2016-08-24 10:12:06,TRADE,12.55,1100
1468,2016-08-24 10:12:06,TRADE,12.55,100
1469,2016-08-24 10:12:06,TRADE,12.55,800
1470,2016-08-24 10:12:06,ASK,12.55,17500
1471,2016-08-24 10:12:06,ASK,12.55,18700
1472,2016-08-24 10:12:06,TRADE,12.54,1000
1473,2016-08-24 10:12:06,BID,12.54,10800
1474,2016-08-24 10:12:06,ASK,12.55,19200
1475,2016-08-24 10:12:07,ASK,12.55,20700
1476,2016-08-24 10:12:07,ASK,12.55,20800
1477,2016-08-24 10:12:07,TRADE,12.55,4000
1478,2016-08-24 10:12:07,ASK,12.55,16800
1479,2016-08-24 10:12:07,ASK,12.55,16300
1480,2016-08-24 10:12:07,ASK,12.55,14300
1481,2016-08-24 10:12:07,ASK,12.55,13800
1482,2016-08-24 10:12:07,ASK,12.55,12800
1483,2016-08-24 10:12:08,TRADE,12.54,1000
1484,2016-08-24 10:12:08,BID,12.54,9800
1485,2016-08-24 10:12:11,TRADE,12.55,1000
1486,2016-08-24 10:12:11,ASK,12.55,11800
1487,2016-08-24 10:12:12,TRADE,12.54,4300
1488,2016-08-24 10:12:12,TRADE,12.54,700
1489,2016-08-24 10:12:12,BID,12.54,4800
1490,2016-08-24 10:12:12,TRADE,12.54,4300
1491,2016-08-24 10:12:12,TRADE,12.54,500
1492,2016-08-24 10:12:12,BID,12.53,21700
1493,2016-08-24 10:12:12,BID,12.54,300
1494,2016-08-24 10:12:12,BID,12.54,700
1495,2016-08-24 10:12:12,BID,12.54,1000
1496,2016-08-24 10:12:12,ASK,12.55,12300
1497,2016-08-24 10:12:12,BID,12.54,700
1498,2016-08-24 10:12:12,BID,12.54,1200
1499,2016-08-24 10:12:12,BID,12.54,6200
1500,2016-08-24 10:12:12,BID,12.54,5900
1501,2016-08-24 10:12:12,BID,12.54,5400
1502,2016-08-24 10:12:12,BID,12.54,5000
1503,2016-08-24 10:12:12,BID,12.54,5400
1504,2016-08-24 10:12:12,ASK,12.55,12800
1505,2016-08-24 10:12:12,ASK,12.55,14800
1506,2016-08-24 10:12:12,BID,12.54,400
1507,2016-08-24 10:12:12,BID,12.53,9200
1508,2016-08-24 10:12:12,BID,12.53,10200
1509,2016-08-24 10:12:12,ASK,12.55,27300
1510,2016-08-24 10:12:12,BID,12.54,700
1511,2016-08-24 10:12:12,BID,12.54,1200
1512,2016-08-24 10:12:12,ASK,12.55,28300
1513,2016-08-24 10:12:13,TRADE,12.54,700
1514,2016-08-24 10:12:13,TRADE,12.54,500
1515,2016-08-24 10:12:13,BID,12.53,10200
1516,2016-08-24 10:12:13,BID,12.53,12200
1517,2016-08-24 10:12:15,BID,12.53,11200
1518,2016-08-24 10:12:15,BID,12.54,10200
1519,2016-08-24 10:12:15,ASK,12.55,15800
1520,2016-08-24 10:12:15,BID,12.54,15200
1521,2016-08-24 10:12:15,BID,12.54,15700
1522,2016-08-24 10:12:15,ASK,12.55,15300
1523,2016-08-24 10:12:16,ASK,12.55,15800
1524,2016-08-24 10:12:19,ASK,12.55,19800
1525,2016-08-24 10:12:20,ASK,12.55,19300
1526,2016-08-24 10:12:20,ASK,12.55,18100
1527,2016-08-24 10:12:20,TRADE,12.55,500
1528,2016-08-24 10:12:20,ASK,12.55,17600
1529,2016-08-24 10:12:22,TRADE,12.55,100
1530,2016-08-24 10:12:22,ASK,12.55,17500
1531,2016-08-24 10:12:29,ASK,12.55,18000
1532,2016-08-24 10:12:34,BID,12.54,16000
1533,2016-08-24 10:12:36,TRADE,12.55,2000
1534,2016-08-24 10:12:36,ASK,12.55,16000
1535,2016-08-24 10:12:36,ASK,12.55,15500
1536,2016-08-24 10:12:37,ASK,12.55,15600
1537,2016-08-24 10:12:37,ASK,12.55,14100
1538,2016-08-24 10:12:38,BID,12.54,18000
1539,2016-08-24 10:12:40,ASK,12.55,14600
1540,2016-08-24 10:12:42,BID,12.54,18100
1541,2016-08-24 10:12:42,TRADE,12.54,100
1542,2016-08-24 10:12:42,BID,12.54,18000
1543,2016-08-24 10:12:42,ASK,12.55,19600
1544,2016-08-24 10:12:45,TRADE,12.55,100
1545,2016-08-24 10:12:45,ASK,12.55,19500
1546,2016-08-24 10:12:45,BID,12.54,17900
1547,2016-08-24 10:12:47,TRADE,12.55,100
1548,2016-08-24 10:12:47,ASK,12.55,19400
1549,2016-08-24 10:12:48,ASK,12.55,29400
1550,2016-08-24 10:12:48,ASK,12.55,46200
1551,2016-08-24 10:12:49,TRADE,12.55,200
1552,2016-08-24 10:12:49,ASK,12.55,46000
1553,2016-08-24 10:12:49,ASK,12.55,41200
1554,2016-08-24 10:12:49,TRADE,12.54,3700
1555,2016-08-24 10:12:49,BID,12.54,14200
1556,2016-08-24 10:12:49,BID,12.54,13700
1557,2016-08-24 10:12:49,BID,12.54,8700
1558,2016-08-24 10:12:49,ASK,12.55,42700
1559,2016-08-24 10:12:49,ASK,12.55,52700
1560,2016-08-24 10:12:50,TRADE,12.54,1800
1561,2016-08-24 10:12:50,BID,12.54,6900
1562,2016-08-24 10:12:50,ASK,12.55,65200
1563,2016-08-24 10:12:50,TRADE,12.54,4600
1564,2016-08-24 10:12:50,TRADE,12.54,300
1565,2016-08-24 10:12:50,TRADE,12.54,2000
1566,2016-08-24 10:12:50,BID,12.53,19300
1567,2016-08-24 10:12:50,ASK,12.54,300
1568,2016-08-24 10:12:50,ASK,12.54,600
1569,2016-08-24 10:12:50,ASK,12.54,1100
1570,2016-08-24 10:12:50,ASK,12.54,2300
1571,2016-08-24 10:12:50,ASK,12.54,1800
1572,2016-08-24 10:12:52,TRADE,12.54,300
1573,2016-08-24 10:12:52,TRADE,12.54,300
1574,2016-08-24 10:12:52,TRADE,12.54,1200
1575,2016-08-24 10:12:52,BID,12.54,8200
1576,2016-08-24 10:12:52,ASK,12.55,63200
1577,2016-08-24 10:12:52,TRADE,12.54,300
1578,2016-08-24 10:12:52,BID,12.54,7900
1579,2016-08-24 10:12:52,TRADE,12.54,300
1580,2016-08-24 10:12:52,BID,12.54,7600
1581,2016-08-24 10:12:52,TRADE,12.54,7600
1582,2016-08-24 10:12:52,BID,12.53,19300
1583,2016-08-24 10:12:52,ASK,12.54,300
1584,2016-08-24 10:12:52,ASK,12.54,5300
1585,2016-08-24 10:12:52,ASK,12.54,5600
1586,2016-08-24 10:12:52,ASK,12.54,18100
1587,2016-08-24 10:12:53,ASK,12.54,18200
1588,2016-08-24 10:12:53,ASK,12.54,18700
1589,2016-08-24 10:12:53,ASK,12.54,19700
1590,2016-08-24 10:12:53,ASK,12.54,7200
1591,2016-08-24 10:12:53,ASK,12.54,6900
1592,2016-08-24 10:12:53,ASK,12.54,6400
1593,2016-08-24 10:12:53,ASK,12.54,1400
1594,2016-08-24 10:12:54,ASK,12.54,1100
1595,2016-08-24 10:12:55,ASK,12.54,6000
1596,2016-08-24 10:12:55,ASK,12.54,6300
1599,2016-08-24 10:12:59,ASK,12.54,11300
1600,2016-08-24 10:13:00,ASK,12.54,13300
1601,2016-08-24 10:13:00,ASK,12.54,13800
1602,2016-08-24 10:13:00,TRADE,12.54,100
1603,2016-08-24 10:13:00,TRADE,12.54,1000
1604,2016-08-24 10:13:00,TRADE,12.54,1900
1605,2016-08-24 10:13:00,ASK,12.54,10800
1606,2016-08-24 10:13:00,ASK,12.54,5800
1607,2016-08-24 10:13:00,ASK,12.54,6800
1608,2016-08-24 10:13:02,BID,12.53,28100
1609,2016-08-24 10:13:05,ASK,12.54,6500
1610,2016-08-24 10:13:14,TRADE,12.54,3000
1611,2016-08-24 10:13:14,TRADE,12.54,2000
1612,2016-08-24 10:13:14,TRADE,12.54,500
1613,2016-08-24 10:13:14,TRADE,12.54,1000
1614,2016-08-24 10:13:14,BID,12.54,3500
1615,2016-08-24 10:13:14,ASK,12.55,62200
1616,2016-08-24 10:13:14,BID,12.54,8500
1617,2016-08-24 10:13:14,ASK,12.55,49700
1618,2016-08-24 10:13:14,BID,12.54,9000
1619,2016-08-24 10:13:14,TRADE,12.54,500
1620,2016-08-24 10:13:14,BID,12.54,8500
1621,2016-08-24 10:13:14,TRADE,12.54,2000
1622,2016-08-24 10:13:14,BID,12.54,6500
1623,2016-08-24 10:13:14,BID,12.54,6000
1624,2016-08-24 10:13:14,TRADE,12.54,500
1625,2016-08-24 10:13:14,BID,12.54,5500
1626,2016-08-24 10:13:14,TRADE,12.54,500
1627,2016-08-24 10:13:14,TRADE,12.54,1500
1628,2016-08-24 10:13:14,BID,12.54,3500
1629,2016-08-24 10:13:14,TRADE,12.54,500
1630,2016-08-24 10:13:14,BID,12.54,3000
1631,2016-08-24 10:13:14,TRADE,12.54,500
1632,2016-08-24 10:13:14,BID,12.54,2500
1633,2016-08-24 10:13:14,TRADE,12.54,2000
1634,2016-08-24 10:13:14,BID,12.54,500
1635,2016-08-24 10:13:14,BID,12.53,28100
1637,2016-08-24 10:13:14,BID,12.54,500
1638,2016-08-24 10:13:14,ASK,12.55,50200
1639,2016-08-24 10:13:14,BID,12.53,28100
1640,2016-08-24 10:13:14,ASK,12.54,500
1641,2016-08-24 10:13:14,ASK,12.54,1000
1642,2016-08-24 10:13:14,ASK,12.54,3000
1643,2016-08-24 10:13:14,TRADE,12.53,200
1644,2016-08-24 10:13:14,BID,12.53,27900
1645,2016-08-24 10:13:14,ASK,12.54,2500
1646,2016-08-24 10:13:15,ASK,12.54,4800
1647,2016-08-24 10:13:15,ASK,12.54,6800
1648,2016-08-24 10:13:15,ASK,12.54,8800
1649,2016-08-24 10:13:15,ASK,12.54,13800
1650,2016-08-24 10:13:16,BID,12.53,27600
1651,2016-08-24 10:13:17,TRADE,12.54,500
1652,2016-08-24 10:13:17,TRADE,12.54,2000
1653,2016-08-24 10:13:17,TRADE,12.54,2300
1654,2016-08-24 10:13:17,TRADE,12.54,2000
1655,2016-08-24 10:13:17,TRADE,12.54,2000
1656,2016-08-24 10:13:17,TRADE,12.54,3300
1657,2016-08-24 10:13:17,ASK,12.54,1700
1658,2016-08-24 10:13:17,ASK,12.55,62100
1659,2016-08-24 10:13:17,ASK,12.55,62600
1660,2016-08-24 10:13:17,ASK,12.55,64700
1661,2016-08-24 10:13:17,ASK,12.54,2000
1662,2016-08-24 10:13:17,ASK,12.54,2300
1663,2016-08-24 10:13:20,ASK,12.54,6500
1664,2016-08-24 10:13:21,ASK,12.54,7000
1665,2016-08-24 10:13:21,ASK,12.54,6500
1666,2016-08-24 10:13:22,ASK,12.54,8200
1667,2016-08-24 10:13:22,ASK,12.54,18200
1668,2016-08-24 10:13:22,ASK,12.54,18700
1669,2016-08-24 10:13:22,ASK,12.54,18200
1670,2016-08-24 10:13:25,ASK,12.54,20800
1671,2016-08-24 10:13:27,ASK,12.54,21000
1672,2016-08-24 10:13:30,ASK,12.54,21500
1673,2016-08-24 10:13:31,BID,12.53,30400
1674,2016-08-24 10:13:34,TRADE,12.53,200
1675,2016-08-24 10:13:34,TRADE,12.53,1000
1676,2016-08-24 10:13:34,BID,12.53,29200
1677,2016-08-24 10:13:34,BID,12.53,28700
1678,2016-08-24 10:13:34,TRADE,12.53,1200
1679,2016-08-24 10:13:34,BID,12.53,27500
1680,2016-08-24 10:13:34,TRADE,12.53,1200
1681,2016-08-24 10:13:34,BID,12.53,26300
1682,2016-08-24 10:13:34,TRADE,12.53,1600
1683,2016-08-24 10:13:34,TRADE,12.53,2000
1684,2016-08-24 10:13:34,TRADE,12.53,1000
1685,2016-08-24 10:13:34,TRADE,12.53,2000
1686,2016-08-24 10:13:34,TRADE,12.53,8000
1687,2016-08-24 10:13:34,TRADE,12.53,100
1688,2016-08-24 10:13:34,TRADE,12.53,700
1689,2016-08-24 10:13:34,BID,12.53,10900
1690,2016-08-24 10:13:34,ASK,12.54,24300
1691,2016-08-24 10:13:34,TRADE,12.53,6800
1692,2016-08-24 10:13:34,BID,12.53,4100
1693,2016-08-24 10:13:34,TRADE,12.53,1300
1694,2016-08-24 10:13:34,TRADE,12.53,2800
1695,2016-08-24 10:13:34,BID,12.52,10900
1696,2016-08-24 10:13:34,BID,12.52,10600
1697,2016-08-24 10:13:34,BID,12.52,10100
1698,2016-08-24 10:13:34,ASK,12.53,5000
1699,2016-08-24 10:13:34,ASK,12.53,5300
1700,2016-08-24 10:13:34,ASK,12.53,5700
1701,2016-08-24 10:13:34,ASK,12.53,6000
1702,2016-08-24 10:13:34,ASK,12.53,6500
1703,2016-08-24 10:13:34,BID,12.52,9800
1704,2016-08-24 10:13:35,ASK,12.53,11300
1705,2016-08-24 10:13:35,BID,12.52,9400
1706,2016-08-24 10:13:36,ASK,12.53,11500
1707,2016-08-24 10:13:36,TRADE,12.52,400
1708,2016-08-24 10:13:36,BID,12.52,9000
1709,2016-08-24 10:13:36,TRADE,12.52,3400
1710,2016-08-24 10:13:36,TRADE,12.52,400
1711,2016-08-24 10:13:36,TRADE,12.52,2900
1712,2016-08-24 10:13:36,TRADE,12.52,300
1713,2016-08-24 10:13:36,TRADE,12.52,2000
1714,2016-08-24 10:13:36,BID,12.51,28200
1715,2016-08-24 10:13:36,ASK,12.52,500
1716,2016-08-24 10:13:36,ASK,12.53,11800
1717,2016-08-24 10:13:36,ASK,12.52,500
1718,2016-08-24 10:13:36,TRADE,12.51,700
1719,2016-08-24 10:13:36,BID,12.51,27500
1720,2016-08-24 10:13:36,ASK,12.52,5500
1721,2016-08-24 10:13:36,ASK,12.52,5000
1722,2016-08-24 10:13:36,ASK,12.53,11900
1723,2016-08-24 10:13:36,ASK,12.53,13000
1724,2016-08-24 10:13:36,ASK,12.53,25500
1725,2016-08-24 10:13:36,BID,12.51,26000
1726,2016-08-24 10:13:36,ASK,12.53,27000
1727,2016-08-24 10:13:36,BID,12.51,26100
1728,2016-08-24 10:13:36,BID,12.51,26200
1729,2016-08-24 10:13:36,BID,12.51,26300
1730,2016-08-24 10:13:36,BID,12.51,26200
1731,2016-08-24 10:13:36,BID,12.51,26100
1732,2016-08-24 10:13:36,BID,12.51,26000
1733,2016-08-24 10:13:37,TRADE,12.51,3900
1734,2016-08-24 10:13:37,TRADE,12.51,300
1735,2016-08-24 10:13:37,TRADE,12.51,200
1736,2016-08-24 10:13:37,BID,12.51,21600
1737,2016-08-24 10:13:37,ASK,12.53,26600
1738,2016-08-24 10:13:37,ASK,12.52,500
1739,2016-08-24 10:13:37,ASK,12.52,800
1740,2016-08-24 10:13:37,BID,12.51,26600
1741,2016-08-24 10:13:37,ASK,12.52,1100
1742,2016-08-24 10:13:38,ASK,12.52,5500
1743,2016-08-24 10:13:38,BID,12.51,26300
1744,2016-08-24 10:13:38,ASK,12.52,5900
1745,2016-08-24 10:13:38,ASK,12.52,10900
1746,2016-08-24 10:13:38,ASK,12.52,11300
1747,2016-08-24 10:13:38,ASK,12.52,12000
1748,2016-08-24 10:13:38,ASK,12.52,14300
1749,2016-08-24 10:13:38,BID,12.51,26200
1750,2016-08-24 10:13:38,TRADE,12.52,300
1751,2016-08-24 10:13:38,ASK,12.52,14000
1752,2016-08-24 10:13:38,ASK,12.52,11700
1753,2016-08-24 10:13:41,ASK,12.52,6700
1754,2016-08-24 10:13:42,ASK,12.52,6900
1755,2016-08-24 10:13:42,ASK,12.52,6600
1756,2016-08-24 10:13:42,BID,12.51,26300
1757,2016-08-24 10:13:42,ASK,12.52,5500
1758,2016-08-24 10:13:42,ASK,12.52,5100
1759,2016-08-24 10:13:42,BID,12.51,26800
1760,2016-08-24 10:13:42,BID,12.51,28800
1761,2016-08-24 10:13:42,ASK,12.52,4800
1762,2016-08-24 10:13:43,ASK,12.52,9200
1763,2016-08-24 10:13:43,ASK,12.52,10300
1764,2016-08-24 10:13:44,BID,12.51,28300
1765,2016-08-24 10:13:45,ASK,12.52,10100
1766,2016-08-24 10:13:45,BID,12.51,28800
1767,2016-08-24 10:13:45,TRADE,12.52,100
1768,2016-08-24 10:13:45,ASK,12.52,10000
1769,2016-08-24 10:13:45,BID,12.51,28700
1770,2016-08-24 10:13:45,ASK,12.52,10500
1771,2016-08-24 10:13:46,BID,12.51,28200
1772,2016-08-24 10:13:46,BID,12.51,26200
1773,2016-08-24 10:13:47,TRADE,12.52,300
1774,2016-08-24 10:13:47,ASK,12.52,10200
1775,2016-08-24 10:13:48,TRADE,12.51,300
1776,2016-08-24 10:13:48,TRADE,12.51,800
1777,2016-08-24 10:13:48,TRADE,12.51,900
1778,2016-08-24 10:13:48,BID,12.51,24200
1779,2016-08-24 10:13:48,ASK,12.52,15200
1780,2016-08-24 10:13:48,BID,12.51,24700
1781,2016-08-24 10:13:48,BID,12.51,24200
1782,2016-08-24 10:13:48,TRADE,12.51,200
1783,2016-08-24 10:13:48,BID,12.51,24000
1784,2016-08-24 10:13:48,TRADE,12.51,200
1785,2016-08-24 10:13:48,BID,12.51,23800
1786,2016-08-24 10:13:48,TRADE,12.51,200
1787,2016-08-24 10:13:48,BID,12.51,23600
1788,2016-08-24 10:13:49,TRADE,12.51,100
1789,2016-08-24 10:13:49,BID,12.51,23500
1790,2016-08-24 10:13:49,TRADE,12.51,200
1791,2016-08-24 10:13:49,BID,12.51,23300
1792,2016-08-24 10:13:49,TRADE,12.51,200
1793,2016-08-24 10:13:49,BID,12.51,23100
1794,2016-08-24 10:13:49,TRADE,12.51,200
1795,2016-08-24 10:13:49,BID,12.51,22900
1796,2016-08-24 10:13:49,TRADE,12.51,100
1797,2016-08-24 10:13:49,BID,12.51,22800
1798,2016-08-24 10:13:49,TRADE,12.51,200
1799,2016-08-24 10:13:49,BID,12.51,22600
1800,2016-08-24 10:13:49,ASK,12.52,16700
1801,2016-08-24 10:13:49,BID,12.51,22500
1802,2016-08-24 10:13:49,TRADE,12.51,1000
1803,2016-08-24 10:13:49,BID,12.51,21500
1804,2016-08-24 10:13:50,BID,12.51,16500
1805,2016-08-24 10:13:52,TRADE,12.51,1000
1806,2016-08-24 10:13:52,BID,12.51,15500
1807,2016-08-24 10:13:52,ASK,12.52,26700
1808,2016-08-24 10:13:53,TRADE,12.51,500
1809,2016-08-24 10:13:53,TRADE,12.51,800
1810,2016-08-24 10:13:53,BID,12.51,14200
1811,2016-08-24 10:13:53,TRADE,12.51,4200
1812,2016-08-24 10:13:53,TRADE,12.51,5000
1813,2016-08-24 10:13:53,TRADE,12.51,5000
1814,2016-08-24 10:13:53,BID,12.5,55400
1815,2016-08-24 10:13:53,ASK,12.51,500
1816,2016-08-24 10:13:53,BID,12.5,42900
1817,2016-08-24 10:13:53,TRADE,12.51,500
1818,2016-08-24 10:13:53,ASK,12.52,26700
1819,2016-08-24 10:13:53,BID,12.5,43900
1820,2016-08-24 10:13:53,BID,12.5,44900
1821,2016-08-24 10:13:53,ASK,12.52,26900
1822,2016-08-24 10:13:53,ASK,12.52,27100
1823,2016-08-24 10:13:53,ASK,12.52,27400
1824,2016-08-24 10:13:53,ASK,12.52,27000
1825,2016-08-24 10:13:53,BID,12.5,43900
1826,2016-08-24 10:13:53,ASK,12.52,39500
1827,2016-08-24 10:13:53,ASK,12.51,500
1828,2016-08-24 10:13:53,ASK,12.52,39500
1829,2016-08-24 10:13:53,ASK,12.52,39900
1830,2016-08-24 10:13:53,ASK,12.52,39500
1831,2016-08-24 10:13:53,ASK,12.52,39300
1832,2016-08-24 10:13:53,BID,12.5,42900
1833,2016-08-24 10:13:54,TRADE,12.52,100
1834,2016-08-24 10:13:54,ASK,12.52,39200
1835,2016-08-24 10:13:55,TRADE,12.5,4700
1836,2016-08-24 10:13:55,TRADE,12.5,300
1837,2016-08-24 10:13:55,TRADE,12.5,500
1838,2016-08-24 10:13:55,TRADE,12.5,400
1839,2016-08-24 10:13:55,TRADE,12.5,1000
1840,2016-08-24 10:13:55,TRADE,12.5,9200
1841,2016-08-24 10:13:55,TRADE,12.5,300
1842,2016-08-24 10:13:55,TRADE,12.5,700
1843,2016-08-24 10:13:55,TRADE,12.5,1500
1844,2016-08-24 10:13:55,TRADE,12.5,1400
1845,2016-08-24 10:13:55,BID,12.5,22900
1846,2016-08-24 10:13:55,ASK,12.51,500
1847,2016-08-24 10:13:55,ASK,12.51,800
1848,2016-08-24 10:13:55,ASK,12.51,5800
1849,2016-08-24 10:13:55,ASK,12.51,6100
1850,2016-08-24 10:13:55,ASK,12.51,6500
1851,2016-08-24 10:13:55,BID,12.5,27900
1852,2016-08-24 10:13:55,BID,12.5,27400
1853,2016-08-24 10:13:55,ASK,12.51,19000
1854,2016-08-24 10:13:56,ASK,12.51,26400
1855,2016-08-24 10:13:56,TRADE,12.5,1000
1856,2016-08-24 10:13:56,BID,12.5,26400
1857,2016-08-24 10:13:56,TRADE,12.51,500
1858,2016-08-24 10:13:56,ASK,12.51,25900
1859,2016-08-24 10:13:56,ASK,12.51,26400
1860,2016-08-24 10:13:57,ASK,12.51,28400
1861,2016-08-24 10:13:57,BID,12.5,36400
1862,2016-08-24 10:13:57,ASK,12.51,15900
1863,2016-08-24 10:13:57,ASK,12.51,10900
1864,2016-08-24 10:13:59,ASK,12.51,11900
1865,2016-08-24 10:13:59,TRADE,12.5,6000
1866,2016-08-24 10:13:59,BID,12.5,30400
1867,2016-08-24 10:13:59,ASK,12.51,16900
1868,2016-08-24 10:13:59,BID,12.5,30900
1869,2016-08-24 10:14:00,ASK,12.51,18200
1870,2016-08-24 10:14:00,TRADE,12.51,300
1871,2016-08-24 10:14:00,TRADE,12.51,300
1872,2016-08-24 10:14:00,TRADE,12.51,200
1873,2016-08-24 10:14:00,ASK,12.51,17400
1874,2016-08-24 10:14:01,TRADE,12.5,1000
1875,2016-08-24 10:14:01,BID,12.5,29900
1876,2016-08-24 10:14:02,ASK,12.51,17600
1877,2016-08-24 10:14:05,ASK,12.51,17800
1878,2016-08-24 10:14:09,BID,12.5,33900
1879,2016-08-24 10:14:09,ASK,12.51,12800
1880,2016-08-24 10:14:10,ASK,12.51,9900
1881,2016-08-24 10:14:11,TRADE,12.5,500
1882,2016-08-24 10:14:11,BID,12.5,33400
1883,2016-08-24 10:14:11,BID,12.5,33300
1884,2016-08-24 10:14:13,BID,12.5,34300
1885,2016-08-24 10:14:13,TRADE,12.51,100
1886,2016-08-24 10:14:13,ASK,12.51,9800
1887,2016-08-24 10:14:14,TRADE,12.51,100
1888,2016-08-24 10:14:14,TRADE,12.51,500
1889,2016-08-24 10:14:14,TRADE,12.51,900
1890,2016-08-24 10:14:14,ASK,12.51,8300
1891,2016-08-24 10:14:14,BID,12.5,34800
1892,2016-08-24 10:14:14,BID,12.5,37600
1893,2016-08-24 10:14:14,TRADE,12.51,100
1894,2016-08-24 10:14:14,ASK,12.51,8200
1895,2016-08-24 10:14:14,TRADE,12.51,1000
1896,2016-08-24 10:14:14,TRADE,12.51,1000
1897,2016-08-24 10:14:14,TRADE,12.51,200
1898,2016-08-24 10:14:14,TRADE,12.51,6000
1899,2016-08-24 10:14:14,ASK,12.52,50500
1900,2016-08-24 10:14:14,BID,12.51,5000
1901,2016-08-24 10:14:14,ASK,12.52,38000
1902,2016-08-24 10:14:14,BID,12.51,5300
1903,2016-08-24 10:14:14,BID,12.51,5700
1904,2016-08-24 10:14:14,BID,12.51,6000
1905,2016-08-24 10:14:14,ASK,12.52,36900
1906,2016-08-24 10:14:14,BID,12.51,6500
1907,2016-08-24 10:14:15,ASK,12.52,33000
1908,2016-08-24 10:14:15,ASK,12.52,28600
1909,2016-08-24 10:14:15,TRADE,12.51,1900
1910,2016-08-24 10:14:15,BID,12.51,4600
1911,2016-08-24 10:14:15,ASK,12.52,28100
1912,2016-08-24 10:14:15,TRADE,12.52,100
1913,2016-08-24 10:14:15,ASK,12.52,28000
1919,2016-08-24 10:14:16,ASK,12.52,28500
1920,2016-08-24 10:14:16,ASK,12.52,30400
1921,2016-08-24 10:14:16,TRADE,12.52,100
1922,2016-08-24 10:14:16,ASK,12.52,30300
1923,2016-08-24 10:14:16,TRADE,12.52,100
1924,2016-08-24 10:14:16,ASK,12.52,30200
1925,2016-08-24 10:14:17,ASK,12.52,30100
1926,2016-08-24 10:14:17,TRADE,12.52,100
1927,2016-08-24 10:14:17,ASK,12.52,30000
1928,2016-08-24 10:14:17,ASK,12.52,29900
1929,2016-08-24 10:14:17,TRADE,12.52,100
1930,2016-08-24 10:14:17,ASK,12.52,29800
1931,2016-08-24 10:14:18,TRADE,12.52,100
1932,2016-08-24 10:14:18,ASK,12.52,29700
1933,2016-08-24 10:14:20,TRADE,12.52,100
1934,2016-08-24 10:14:20,ASK,12.52,29600
1935,2016-08-24 10:14:21,ASK,12.52,27700
1936,2016-08-24 10:14:21,TRADE,12.51,1000
1937,2016-08-24 10:14:21,BID,12.51,3600
1938,2016-08-24 10:14:21,ASK,12.52,26200
1939,2016-08-24 10:14:21,TRADE,12.51,1200
1940,2016-08-24 10:14:21,BID,12.51,2400
1941,2016-08-24 10:14:21,BID,12.51,1900
1942,2016-08-24 10:14:21,ASK,12.52,26600
1943,2016-08-24 10:14:22,ASK,12.52,26200
1944,2016-08-24 10:14:22,TRADE,12.52,100
1945,2016-08-24 10:14:22,ASK,12.52,26100
1946,2016-08-24 10:14:22,BID,12.51,2400
1947,2016-08-24 10:14:22,TRADE,12.51,900
1948,2016-08-24 10:14:22,TRADE,12.51,100
1949,2016-08-24 10:14:22,BID,12.51,1400
1950,2016-08-24 10:14:22,BID,12.51,6400
1951,2016-08-24 10:14:23,ASK,12.52,27500
1952,2016-08-24 10:14:26,TRADE,12.52,100
1953,2016-08-24 10:14:26,ASK,12.52,27400
1954,2016-08-24 10:14:27,BID,12.51,6500
1955,2016-08-24 10:14:28,TRADE,12.52,100
1956,2016-08-24 10:14:28,ASK,12.52,27300
1957,2016-08-24 10:14:28,ASK,12.52,28300
1958,2016-08-24 10:14:28,TRADE,12.52,100
1959,2016-08-24 10:14:28,ASK,12.52,28200
1961,2016-08-24 10:14:29,TRADE,12.52,100
1962,2016-08-24 10:14:29,ASK,12.52,28100
1963,2016-08-24 10:14:30,TRADE,12.52,100
1964,2016-08-24 10:14:30,ASK,12.52,28000
1965,2016-08-24 10:14:30,BID,12.51,6400
1966,2016-08-24 10:14:30,TRADE,12.52,100
1967,2016-08-24 10:14:30,ASK,12.52,27900
1968,2016-08-24 10:14:30,ASK,12.52,27400
1969,2016-08-24 10:14:33,ASK,12.52,22700
1970,2016-08-24 10:14:36,TRADE,12.52,2000
1971,2016-08-24 10:14:36,ASK,12.52,20700
1972,2016-08-24 10:14:36,TRADE,12.52,8000
1973,2016-08-24 10:14:36,TRADE,12.52,300
1974,2016-08-24 10:14:36,TRADE,12.52,10000
1975,2016-08-24 10:14:36,TRADE,12.52,1400
1976,2016-08-24 10:14:36,TRADE,12.52,1000
1977,2016-08-24 10:14:36,ASK,12.53,22200
1978,2016-08-24 10:14:36,BID,12.52,5000
1979,2016-08-24 10:14:36,ASK,12.53,9700
1980,2016-08-24 10:14:36,BID,12.52,5300
1981,2016-08-24 10:14:36,BID,12.52,5800
1982,2016-08-24 10:14:36,BID,12.52,6100
1983,2016-08-24 10:14:36,ASK,12.53,9400
1984,2016-08-24 10:14:36,ASK,12.53,8900
1985,2016-08-24 10:14:36,BID,12.52,6500
1986,2016-08-24 10:14:36,ASK,12.53,8600
1987,2016-08-24 10:14:36,ASK,12.53,9100
1988,2016-08-24 10:14:36,ASK,12.53,9600
1989,2016-08-24 10:14:36,ASK,12.53,11600
1990,2016-08-24 10:14:36,ASK,12.53,13600
1991,2016-08-24 10:14:36,ASK,12.53,15700
1993,2016-08-24 10:14:36,ASK,12.53,17700
1994,2016-08-24 10:14:36,ASK,12.53,19700
1995,2016-08-24 10:14:36,ASK,12.53,20200
1996,2016-08-24 10:14:36,ASK,12.53,20700
1997,2016-08-24 10:14:36,BID,12.52,6100
1998,2016-08-24 10:14:37,ASK,12.53,22700
1999,2016-08-24 10:14:37,ASK,12.53,24700
2000,2016-08-24 10:14:37,ASK,12.53,26700
2001,2016-08-24 10:14:37,BID,12.52,5600
2002,2016-08-24 10:14:37,BID,12.52,600
2003,2016-08-24 10:14:37,TRADE,12.52,300
2004,2016-08-24 10:14:37,TRADE,12.52,300
2005,2016-08-24 10:14:37,BID,12.51,7900
2006,2016-08-24 10:14:37,ASK,12.53,26200
2007,2016-08-24 10:14:37,ASK,12.53,25700
2009,2016-08-24 10:14:37,ASK,12.53,23700
2010,2016-08-24 10:14:37,ASK,12.53,21700
2011,2016-08-24 10:14:37,ASK,12.53,25700
2012,2016-08-24 10:14:37,ASK,12.53,23700
2013,2016-08-24 10:14:37,BID,12.52,500
2014,2016-08-24 10:14:37,BID,12.51,7900
2015,2016-08-24 10:14:37,BID,12.52,500
2016,2016-08-24 10:14:37,BID,12.51,7900
2017,2016-08-24 10:14:37,BID,12.52,500
2019,2016-08-24 10:14:37,BID,12.51,7900
2021,2016-08-24 10:14:37,ASK,12.53,21700
2022,2016-08-24 10:14:37,ASK,12.53,19700
2023,2016-08-24 10:14:37,ASK,12.53,17600
2024,2016-08-24 10:14:37,BID,12.52,5000
2025,2016-08-24 10:14:37,BID,12.52,5300
2027,2016-08-24 10:14:37,BID,12.52,5700
2028,2016-08-24 10:14:37,BID,12.52,6000
2029,2016-08-24 10:14:37,BID,12.52,6500
2030,2016-08-24 10:14:38,ASK,12.53,17400
2031,2016-08-24 10:14:38,BID,12.52,6100
2032,2016-08-24 10:14:38,BID,12.52,5600
2033,2016-08-24 10:14:38,BID,12.52,5300
2034,2016-08-24 10:14:39,ASK,12.53,17300
2035,2016-08-24 10:14:39,TRADE,12.53,100
2036,2016-08-24 10:14:39,ASK,12.53,17200
2037,2016-08-24 10:14:40,BID,12.52,5000
2038,2016-08-24 10:14:40,TRADE,12.53,100
2039,2016-08-24 10:14:40,ASK,12.53,17100
2040,2016-08-24 10:14:40,BID,12.52,5300
2041,2016-08-24 10:14:41,ASK,12.53,18100
2042,2016-08-24 10:14:42,ASK,12.53,18000
2043,2016-08-24 10:14:43,BID,12.52,5600
2044,2016-08-24 10:14:44,ASK,12.53,18200
2045,2016-08-24 10:14:44,TRADE,12.52,400
2046,2016-08-24 10:14:44,BID,12.52,5200
2047,2016-08-24 10:14:46,TRADE,12.53,100
2048,2016-08-24 10:14:46,ASK,12.53,18100
2049,2016-08-24 10:14:46,BID,12.52,5700
2050,2016-08-24 10:14:47,TRADE,12.53,1000
2051,2016-08-24 10:14:47,ASK,12.53,17100
2052,2016-08-24 10:14:47,ASK,12.53,16600
2053,2016-08-24 10:14:47,BID,12.52,5200
2054,2016-08-24 10:14:47,BID,12.52,5700
2055,2016-08-24 10:14:48,ASK,12.53,16900
2056,2016-08-24 10:14:48,ASK,12.53,17400
2057,2016-08-24 10:14:48,TRADE,12.53,100
2058,2016-08-24 10:14:48,ASK,12.53,17300
2059,2016-08-24 10:14:48,ASK,12.53,18300
2060,2016-08-24 10:14:49,TRADE,12.53,100
2061,2016-08-24 10:14:49,ASK,12.53,18200
2062,2016-08-24 10:14:49,ASK,12.53,20200
2063,2016-08-24 10:14:49,ASK,12.53,20700
2064,2016-08-24 10:14:49,ASK,12.53,22700
2065,2016-08-24 10:14:50,ASK,12.53,23200
2066,2016-08-24 10:14:50,ASK,12.53,24800
2067,2016-08-24 10:14:50,BID,12.52,5200
2068,2016-08-24 10:14:50,BID,12.52,4900
2069,2016-08-24 10:14:50,ASK,12.53,22800
2070,2016-08-24 10:14:50,ASK,12.53,22300
2071,2016-08-24 10:14:50,ASK,12.53,21800
2072,2016-08-24 10:14:50,ASK,12.53,23800
2073,2016-08-24 10:14:50,ASK,12.53,25800
2074,2016-08-24 10:14:50,ASK,12.53,26300
2075,2016-08-24 10:14:50,ASK,12.53,24700
2076,2016-08-24 10:14:50,ASK,12.53,25200
2077,2016-08-24 10:14:50,ASK,12.53,26800
2078,2016-08-24 10:14:50,ASK,12.53,28900
2079,2016-08-24 10:14:50,ASK,12.53,26900
2080,2016-08-24 10:14:50,ASK,12.53,24800
2081,2016-08-24 10:14:50,ASK,12.53,26800
2082,2016-08-24 10:14:51,BID,12.52,4600
2083,2016-08-24 10:14:51,ASK,12.53,28800
2084,2016-08-24 10:14:51,ASK,12.53,30900
2085,2016-08-24 10:14:52,ASK,12.53,29300
2086,2016-08-24 10:14:52,ASK,12.53,28800
2087,2016-08-24 10:14:52,ASK,12.53,26700
2088,2016-08-24 10:14:53,BID,12.52,4900
2089,2016-08-24 10:14:53,BID,12.52,4600
2090,2016-08-24 10:14:53,TRADE,12.52,1000
2091,2016-08-24 10:14:53,BID,12.52,3600
2092,2016-08-24 10:14:53,TRADE,12.52,3600
2093,2016-08-24 10:14:53,BID,12.51,38200
2094,2016-08-24 10:14:53,BID,12.51,25700
2096,2016-08-24 10:14:53,ASK,12.52,500
2097,2016-08-24 10:14:54,ASK,12.53,33700
2098,2016-08-24 10:14:54,ASK,12.53,35700
2099,2016-08-24 10:14:54,ASK,12.53,37700
2100,2016-08-24 10:14:54,ASK,12.53,39700
2101,2016-08-24 10:14:55,ASK,12.53,40500
2102,2016-08-24 10:14:55,ASK,12.53,40300
2103,2016-08-24 10:14:55,ASK,12.53,39900
2104,2016-08-24 10:14:55,ASK,12.53,40400
2105,2016-08-24 10:14:56,TRADE,12.53,100
2106,2016-08-24 10:14:56,ASK,12.53,40300
2107,2016-08-24 10:14:56,TRADE,12.53,300
2108,2016-08-24 10:14:56,ASK,12.53,40000
2109,2016-08-24 10:14:56,BID,12.52,500
2111,2016-08-24 10:14:56,BID,12.51,25700
2115,2016-08-24 10:14:58,ASK,12.53,42000
2116,2016-08-24 10:14:58,ASK,12.53,42500
2117,2016-08-24 10:14:58,ASK,12.53,44600
2118,2016-08-24 10:14:58,TRADE,12.53,1000
2119,2016-08-24 10:14:58,ASK,12.53,43600
2120,2016-08-24 10:14:58,BID,12.51,24200
2121,2016-08-24 10:14:59,ASK,12.53,43900
2122,2016-08-24 10:15:00,BID,12.51,24500
2123,2016-08-24 10:15:01,BID,12.51,25500
2124,2016-08-24 10:15:01,ASK,12.52,500
2125,2016-08-24 10:15:01,BID,12.51,25600
2126,2016-08-24 10:15:01,ASK,12.53,36300
2127,2016-08-24 10:15:01,ASK,12.53,38300
2128,2016-08-24 10:15:01,ASK,12.53,40300
2129,2016-08-24 10:15:01,ASK,12.53,42300
2130,2016-08-24 10:15:01,ASK,12.53,44300
2131,2016-08-24 10:15:01,ASK,12.52,500
2132,2016-08-24 10:15:01,ASK,12.53,44300
2133,2016-08-24 10:15:01,ASK,12.53,44800
2134,2016-08-24 10:15:01,BID,12.52,500
2136,2016-08-24 10:15:01,BID,12.52,600
2138,2016-08-24 10:15:01,ASK,12.53,44300
2139,2016-08-24 10:15:01,BID,12.52,100
2141,2016-08-24 10:15:01,BID,12.51,25600
2142,2016-08-24 10:15:01,ASK,12.52,400
2143,2016-08-24 10:15:01,ASK,12.52,900
2145,2016-08-24 10:15:01,ASK,12.52,400
2146,2016-08-24 10:15:01,ASK,12.53,36400
2147,2016-08-24 10:15:01,ASK,12.53,36900
2148,2016-08-24 10:15:01,BID,12.52,500
2149,2016-08-24 10:15:01,BID,12.51,25600
2150,2016-08-24 10:15:01,ASK,12.52,400
2151,2016-08-24 10:15:01,ASK,12.53,36900
2153,2016-08-24 10:15:01,BID,12.52,500
2154,2016-08-24 10:15:01,BID,12.52,600
2155,2016-08-24 10:15:01,BID,12.52,100
2157,2016-08-24 10:15:01,TRADE,12.52,100
2158,2016-08-24 10:15:01,BID,12.51,25500
2159,2016-08-24 10:15:01,ASK,12.52,300
2162,2016-08-24 10:15:01,BID,12.51,27000
2164,2016-08-24 10:15:01,ASK,12.52,2400
2165,2016-08-24 10:15:02,ASK,12.52,2900
2166,2016-08-24 10:15:02,ASK,12.52,2400
2167,2016-08-24 10:15:02,ASK,12.52,2900
2168,2016-08-24 10:15:02,ASK,12.52,2400
2169,2016-08-24 10:15:03,ASK,12.52,2900
2170,2016-08-24 10:15:05,ASK,12.52,8300
2171,2016-08-24 10:15:05,BID,12.51,25500
2172,2016-08-24 10:15:05,ASK,12.52,13300
2173,2016-08-24 10:15:05,BID,12.51,25100
2174,2016-08-24 10:15:05,ASK,12.52,13500
2175,2016-08-24 10:15:06,TRADE,12.52,300
2176,2016-08-24 10:15:06,TRADE,12.52,500
2177,2016-08-24 10:15:06,ASK,12.52,12700
2178,2016-08-24 10:15:07,ASK,12.52,12800
2179,2016-08-24 10:15:09,BID,12.51,29000
2180,2016-08-24 10:15:11,ASK,12.52,12900
2181,2016-08-24 10:15:12,ASK,12.52,7900
2182,2016-08-24 10:15:12,TRADE,12.52,1200
2183,2016-08-24 10:15:12,BID,12.51,28000
2184,2016-08-24 10:15:12,ASK,12.52,6700
2185,2016-08-24 10:15:12,BID,12.51,29000
2186,2016-08-24 10:15:13,BID,12.51,30000
2187,2016-08-24 10:15:16,ASK,12.52,7000
2188,2016-08-24 10:15:16,TRADE,12.52,400
2189,2016-08-24 10:15:16,TRADE,12.52,200
2190,2016-08-24 10:15:16,ASK,12.52,6400
2191,2016-08-24 10:15:16,TRADE,12.52,300
2192,2016-08-24 10:15:16,TRADE,12.52,200
2193,2016-08-24 10:15:16,TRADE,12.52,100
2194,2016-08-24 10:15:16,TRADE,12.52,1400
2195,2016-08-24 10:15:16,ASK,12.52,4400
2198,2016-08-24 10:15:18,TRADE,12.52,4400
2199,2016-08-24 10:15:18,BID,12.52,5600
2200,2016-08-24 10:15:18,ASK,12.53,31900
2201,2016-08-24 10:15:18,BID,12.52,10600
2202,2016-08-24 10:15:18,BID,12.52,10900
2203,2016-08-24 10:15:18,BID,12.52,11200
2204,2016-08-24 10:15:18,BID,12.52,11700
2205,2016-08-24 10:15:18,ASK,12.53,33900
2206,2016-08-24 10:15:18,ASK,12.53,34400
2207,2016-08-24 10:15:18,ASK,12.53,34900
2208,2016-08-24 10:15:18,ASK,12.53,36900
2209,2016-08-24 10:15:18,ASK,12.53,38900
2210,2016-08-24 10:15:18,ASK,12.53,40900
2213,2016-08-24 10:15:18,ASK,12.53,40800
2214,2016-08-24 10:15:18,ASK,12.53,42800
2216,2016-08-24 10:15:18,ASK,12.53,42700
2217,2016-08-24 10:15:18,ASK,12.53,42800
2218,2016-08-24 10:15:18,BID,12.52,11200
2219,2016-08-24 10:15:18,BID,12.52,6200
2220,2016-08-24 10:15:18,BID,12.52,6700
2221,2016-08-24 10:15:18,BID,12.52,6200
2222,2016-08-24 10:15:18,BID,12.52,5900
2223,2016-08-24 10:15:18,BID,12.52,10900
2224,2016-08-24 10:15:18,BID,12.52,11200
2225,2016-08-24 10:15:19,TRADE,12.52,100
2226,2016-08-24 10:15:19,BID,12.52,11100
2227,2016-08-24 10:15:19,ASK,12.53,41200
2228,2016-08-24 10:15:19,ASK,12.53,28700
2229,2016-08-24 10:15:19,BID,12.52,16100
2230,2016-08-24 10:15:19,ASK,12.53,28600
2231,2016-08-24 10:15:21,BID,12.52,16600
2232,2016-08-24 10:15:21,TRADE,12.52,100
2233,2016-08-24 10:15:21,BID,12.52,16500
2234,2016-08-24 10:15:21,ASK,12.53,26900
2235,2016-08-24 10:15:21,ASK,12.53,25100
2236,2016-08-24 10:15:21,ASK,12.53,24800
2237,2016-08-24 10:15:21,ASK,12.53,22700
2238,2016-08-24 10:15:21,ASK,12.53,22200
2239,2016-08-24 10:15:21,ASK,12.53,22000
2240,2016-08-24 10:15:21,ASK,12.53,21800
2241,2016-08-24 10:15:22,ASK,12.53,20300
2242,2016-08-24 10:15:22,ASK,12.53,18200
2243,2016-08-24 10:15:23,ASK,12.53,16600
2244,2016-08-24 10:15:23,ASK,12.53,16500
2245,2016-08-24 10:15:25,ASK,12.53,16400
2246,2016-08-24 10:15:25,ASK,12.53,16800
2247,2016-08-24 10:15:25,ASK,12.53,17300
2248,2016-08-24 10:15:25,ASK,12.53,16800
2249,2016-08-24 10:15:25,ASK,12.53,16400
2250,2016-08-24 10:15:25,ASK,12.53,14500
2251,2016-08-24 10:15:25,ASK,12.53,14000
2252,2016-08-24 10:15:25,ASK,12.53,12000
2253,2016-08-24 10:15:25,ASK,12.53,17000
2254,2016-08-24 10:15:25,ASK,12.53,17500
2255,2016-08-24 10:15:25,ASK,12.53,17900
2256,2016-08-24 10:15:25,ASK,12.53,18200
2257,2016-08-24 10:15:25,ASK,12.53,17700
2258,2016-08-24 10:15:25,ASK,12.53,17400
2259,2016-08-24 10:15:27,BID,12.52,16600
2260,2016-08-24 10:15:27,ASK,12.53,17900
2261,2016-08-24 10:15:27,ASK,12.53,17500
2262,2016-08-24 10:15:28,ASK,12.53,17000
2263,2016-08-24 10:15:28,ASK,12.53,17400
2264,2016-08-24 10:15:28,ASK,12.53,16900
2265,2016-08-24 10:15:29,ASK,12.53,16500
2266,2016-08-24 10:15:29,TRADE,12.53,400
2267,2016-08-24 10:15:29,TRADE,12.53,600
2268,2016-08-24 10:15:29,TRADE,12.53,700
2269,2016-08-24 10:15:29,TRADE,12.53,2000
2270,2016-08-24 10:15:29,TRADE,12.53,500
2271,2016-08-24 10:15:29,TRADE,12.53,800
2272,2016-08-24 10:15:29,ASK,12.53,11500
2273,2016-08-24 10:15:29,ASK,12.53,6500
2274,2016-08-24 10:15:29,ASK,12.53,7000
2275,2016-08-24 10:15:29,BID,12.52,19200
2276,2016-08-24 10:15:29,ASK,12.53,9100
2277,2016-08-24 10:15:30,ASK,12.53,9900
2278,2016-08-24 10:15:30,TRADE,12.53,100
2279,2016-08-24 10:15:30,ASK,12.53,9800
2280,2016-08-24 10:15:30,BID,12.52,19100
2281,2016-08-24 10:15:30,ASK,12.53,14800
2282,2016-08-24 10:15:30,TRADE,12.52,5000
2283,2016-08-24 10:15:30,BID,12.52,14100
2284,2016-08-24 10:15:32,TRADE,12.53,100
2285,2016-08-24 10:15:32,TRADE,12.53,400
2286,2016-08-24 10:15:32,ASK,12.53,14300
2287,2016-08-24 10:15:32,TRADE,12.53,500
2288,2016-08-24 10:15:32,ASK,12.53,13800
2290,2016-08-24 10:15:34,ASK,12.53,14300
2291,2016-08-24 10:15:34,BID,12.52,11500
2292,2016-08-24 10:15:34,ASK,12.53,14500
2293,2016-08-24 10:15:34,ASK,12.53,15400
2294,2016-08-24 10:15:34,BID,12.52,12500
2297,2016-08-24 10:15:35,ASK,12.53,14900
2298,2016-08-24 10:15:37,BID,12.52,12600
2299,2016-08-24 10:15:38,TRADE,12.53,100
2300,2016-08-24 10:15:38,TRADE,12.53,300
2301,2016-08-24 10:15:38,TRADE,12.53,500
2302,2016-08-24 10:15:38,TRADE,12.53,200
2303,2016-08-24 10:15:38,ASK,12.53,13800
2304,2016-08-24 10:15:38,ASK,12.53,13500
2305,2016-08-24 10:15:38,ASK,12.53,11500
2306,2016-08-24 10:15:39,BID,12.52,12800
2307,2016-08-24 10:15:42,ASK,12.53,13400
2308,2016-08-24 10:15:42,ASK,12.53,13900
2309,2016-08-24 10:15:42,ASK,12.53,15900
2310,2016-08-24 10:15:48,BID,12.52,15200
2311,2016-08-24 10:15:49,ASK,12.53,14800
2312,2016-08-24 10:15:50,TRADE,12.52,400
2313,2016-08-24 10:15:50,TRADE,12.52,100
2314,2016-08-24 10:15:50,BID,12.52,14700
2315,2016-08-24 10:15:50,TRADE,12.52,200
2316,2016-08-24 10:15:50,TRADE,12.52,1000
2317,2016-08-24 10:15:50,BID,12.52,13500
2318,2016-08-24 10:15:50,ASK,12.53,15300
2319,2016-08-24 10:15:50,BID,12.52,11100
2320,2016-08-24 10:15:50,TRADE,12.52,2400
2321,2016-08-24 10:15:50,BID,12.52,8700
2322,2016-08-24 10:15:50,TRADE,12.52,1200
2323,2016-08-24 10:15:50,BID,12.52,7500
2324,2016-08-24 10:15:50,BID,12.52,2500
2325,2016-08-24 10:15:50,BID,12.52,2000
2326,2016-08-24 10:15:50,TRADE,12.52,300
2327,2016-08-24 10:15:50,BID,12.52,1700
2328,2016-08-24 10:15:50,TRADE,12.52,100
2329,2016-08-24 10:15:50,BID,12.52,1600
2330,2016-08-24 10:15:50,TRADE,12.52,100
2331,2016-08-24 10:15:50,BID,12.52,1500
2332,2016-08-24 10:15:50,ASK,12.53,15500
2333,2016-08-24 10:15:50,ASK,12.53,16400
2334,2016-08-24 10:15:51,ASK,12.53,16800
2335,2016-08-24 10:15:51,ASK,12.53,18900
2336,2016-08-24 10:15:51,ASK,12.53,19300
2337,2016-08-24 10:15:51,ASK,12.53,20900
2338,2016-08-24 10:15:51,ASK,12.53,21000
2339,2016-08-24 10:15:52,BID,12.52,1600
2340,2016-08-24 10:15:52,TRADE,12.52,100
2341,2016-08-24 10:15:52,BID,12.52,1500
2342,2016-08-24 10:15:54,TRADE,12.52,100
2343,2016-08-24 10:15:54,TRADE,12.52,1000
2344,2016-08-24 10:15:54,TRADE,12.52,100
2345,2016-08-24 10:15:54,TRADE,12.52,200
2346,2016-08-24 10:15:54,TRADE,12.52,100
2347,2016-08-24 10:15:54,BID,12.51,53700
2350,2016-08-24 10:15:54,ASK,12.53,33500
2351,2016-08-24 10:15:54,BID,12.52,4800
2354,2016-08-24 10:15:55,TRADE,12.52,800
2355,2016-08-24 10:15:55,BID,12.52,4000
2356,2016-08-24 10:15:55,ASK,12.53,34500
2357,2016-08-24 10:15:55,TRADE,12.52,900
2358,2016-08-24 10:15:55,BID,12.52,3100
2359,2016-08-24 10:15:56,BID,12.52,3200
2360,2016-08-24 10:15:57,ASK,12.53,33700
2361,2016-08-24 10:15:57,TRADE,12.52,500
2362,2016-08-24 10:15:57,BID,12.52,2700
2363,2016-08-24 10:15:57,BID,12.52,3000
2364,2016-08-24 10:15:58,BID,12.52,8000
2365,2016-08-24 10:15:58,BID,12.52,7700
2366,2016-08-24 10:15:59,TRADE,12.52,1100
2367,2016-08-24 10:15:59,BID,12.52,6600
2368,2016-08-24 10:15:59,ASK,12.53,32600
2369,2016-08-24 10:15:59,TRADE,12.52,100
2370,2016-08-24 10:15:59,BID,12.52,6500
2371,2016-08-24 10:15:59,TRADE,12.52,1100
2372,2016-08-24 10:15:59,BID,12.52,5400
2373,2016-08-24 10:15:59,TRADE,12.52,100
2374,2016-08-24 10:15:59,BID,12.52,5300
2375,2016-08-24 10:15:59,TRADE,12.52,200
2376,2016-08-24 10:15:59,TRADE,12.52,100
2377,2016-08-24 10:15:59,TRADE,12.52,400
2378,2016-08-24 10:15:59,BID,12.52,4600
2379,2016-08-24 10:15:59,BID,12.51,53700
2382,2016-08-24 10:15:59,ASK,12.53,33700
2383,2016-08-24 10:15:59,TRADE,12.51,200
2384,2016-08-24 10:15:59,TRADE,12.51,300
2385,2016-08-24 10:15:59,BID,12.51,53200
2386,2016-08-24 10:15:59,ASK,12.53,32600
2387,2016-08-24 10:15:59,ASK,12.53,33700
2388,2016-08-24 10:15:59,BID,12.51,52200
2389,2016-08-24 10:16:00,BID,12.52,300
2392,2016-08-24 10:16:00,BID,12.51,52200
2393,2016-08-24 10:16:00,BID,12.52,500
2395,2016-08-24 10:16:00,BID,12.51,52200
2397,2016-08-24 10:16:01,ASK,12.53,21200
2398,2016-08-24 10:16:01,BID,12.52,300
2401,2016-08-24 10:16:02,TRADE,12.52,300
2402,2016-08-24 10:16:02,BID,12.51,52200
2403,2016-08-24 10:16:02,BID,12.52,300
2405,2016-08-24 10:16:02,ASK,12.53,33700
2406,2016-08-24 10:16:02,BID,12.51,52200
2410,2016-08-24 10:16:02,ASK,12.53,33600
2411,2016-08-24 10:16:02,ASK,12.52,2600
2412,2016-08-24 10:16:03,TRADE,12.52,500
2413,2016-08-24 10:16:03,ASK,12.52,2100
2414,2016-08-24 10:16:03,BID,12.51,52300
2415,2016-08-24 10:16:04,TRADE,12.52,100
2416,2016-08-24 10:16:04,ASK,12.52,2000
2417,2016-08-24 10:16:07,ASK,12.52,3000
2418,2016-08-24 10:16:07,TRADE,12.51,500
2419,2016-08-24 10:16:07,TRADE,12.51,500
2420,2016-08-24 10:16:07,BID,12.51,51300
2421,2016-08-24 10:16:07,BID,12.51,51800
2422,2016-08-24 10:16:11,ASK,12.52,3400
2423,2016-08-24 10:16:11,ASK,12.52,3900
2424,2016-08-24 10:16:11,ASK,12.52,8900
2425,2016-08-24 10:16:11,ASK,12.52,8400
2426,2016-08-24 10:16:12,BID,12.51,51900
2427,2016-08-24 10:16:13,BID,12.51,52200
2428,2016-08-24 10:16:13,ASK,12.52,8900
2429,2016-08-24 10:16:14,BID,12.51,53700
2430,2016-08-24 10:16:14,ASK,12.52,8400
2431,2016-08-24 10:16:14,ASK,12.52,3400
2432,2016-08-24 10:16:14,ASK,12.52,3000
2433,2016-08-24 10:16:15,TRADE,12.52,100
2434,2016-08-24 10:16:15,ASK,12.52,2900
2435,2016-08-24 10:16:15,BID,12.51,53600
2436,2016-08-24 10:16:15,TRADE,12.52,1700
2437,2016-08-24 10:16:15,ASK,12.52,1200
2438,2016-08-24 10:16:15,BID,12.51,55100
2439,2016-08-24 10:16:18,TRADE,12.52,200
2440,2016-08-24 10:16:18,TRADE,12.52,1000
2441,2016-08-24 10:16:18,ASK,12.53,15800
2442,2016-08-24 10:16:18,TRADE,12.53,500
2443,2016-08-24 10:16:18,TRADE,12.53,300
2443,2016-08-24 10:16:18,ASK,12.53,15000
2444,2016-08-24 10:16:18,BID,12.52,300
2445,2016-08-24 10:16:18,BID,12.52,800
2446,2016-08-24 10:16:18,BID,12.52,1100
2447,2016-08-24 10:16:18,ASK,12.53,15500
2449,2016-08-24 10:16:18,ASK,12.53,17500
2450,2016-08-24 10:16:18,ASK,12.53,19500
2451,2016-08-24 10:16:18,ASK,12.53,21400
2452,2016-08-24 10:16:18,BID,12.52,600
2454,2016-08-24 10:16:18,ASK,12.53,21900
2455,2016-08-24 10:16:18,BID,12.52,300
2456,2016-08-24 10:16:18,BID,12.52,800
2457,2016-08-24 10:16:18,BID,12.52,300
2458,2016-08-24 10:16:18,BID,12.52,800
2459,2016-08-24 10:16:19,TRADE,12.52,300
2460,2016-08-24 10:16:19,BID,12.52,500
2461,2016-08-24 10:16:19,BID,12.52,800
2462,2016-08-24 10:16:19,ASK,12.53,21700
2463,2016-08-24 10:16:19,ASK,12.53,21600
2464,2016-08-24 10:16:19,ASK,12.53,21500
2465,2016-08-24 10:16:19,BID,12.52,1000
2466,2016-08-24 10:16:20,TRADE,12.52,100
2467,2016-08-24 10:16:20,BID,12.52,900
2468,2016-08-24 10:16:20,BID,12.52,500
2469,2016-08-24 10:16:20,TRADE,12.52,300
2470,2016-08-24 10:16:20,TRADE,12.52,200
2471,2016-08-24 10:16:20,BID,12.51,55000
2472,2016-08-24 10:16:20,TRADE,12.51,100
2472,2016-08-24 10:16:20,BID,12.51,54900
2473,2016-08-24 10:16:20,BID,12.52,300
2476,2016-08-24 10:16:22,TRADE,12.52,300
2477,2016-08-24 10:16:22,BID,12.51,54900
2478,2016-08-24 10:16:22,ASK,12.52,3700
2479,2016-08-24 10:16:22,TRADE,12.52,300
2480,2016-08-24 10:16:22,ASK,12.52,3400
2483,2016-08-24 10:16:23,BID,12.51,55000
2484,2016-08-24 10:16:25,ASK,12.52,3800
2489,2016-08-24 10:16:27,TRADE,12.52,2000
2490,2016-08-24 10:16:27,ASK,12.52,1800
2491,2016-08-24 10:16:28,BID,12.51,67000
2492,2016-08-24 10:16:29,TRADE,12.52,1400
2493,2016-08-24 10:16:29,TRADE,12.52,400
2494,2016-08-24 10:16:29,BID,12.52,8200
2495,2016-08-24 10:16:29,ASK,12.53,28800
2496,2016-08-24 10:16:29,ASK,12.53,16300
2497,2016-08-24 10:16:29,BID,12.52,13200
2498,2016-08-24 10:16:29,BID,12.52,13700
2499,2016-08-24 10:16:29,ASK,12.53,18300
2500,2016-08-24 10:16:29,ASK,12.53,20300
2501,2016-08-24 10:16:29,ASK,12.53,22200
2502,2016-08-24 10:16:29,ASK,12.53,22400
2503,2016-08-24 10:16:29,BID,12.52,13200
2504,2016-08-24 10:16:29,BID,12.52,13700
2505,2016-08-24 10:16:30,TRADE,12.52,300
2506,2016-08-24 10:16:30,BID,12.52,13400
2507,2016-08-24 10:16:32,BID,12.52,13500
2508,2016-08-24 10:16:33,TRADE,12.52,800
2509,2016-08-24 10:16:33,BID,12.52,12700
2510,2016-08-24 10:16:33,ASK,12.53,37400
2511,2016-08-24 10:16:33,BID,12.52,7700
2512,2016-08-24 10:16:34,ASK,12.53,49900
2513,2016-08-24 10:16:34,ASK,12.53,49800
2514,2016-08-24 10:16:34,ASK,12.53,49700
2515,2016-08-24 10:16:35,TRADE,12.52,200
2516,2016-08-24 10:16:35,BID,12.52,7500
