,Date,Type,Price,Size
0,2016-08-18 10:09:09,TRADE,12.8,1000
1,2016-08-18 10:09:09,BID,12.8,15900
2,2016-08-18 10:09:09,ASK,12.81,2900
3,2016-08-18 10:09:09,ASK,12.81,7900
4,2016-08-18 10:09:09,BID,12.8,20900
5,2016-08-18 10:09:09,ASK,12.81,8000
6,2016-08-18 10:09:09,ASK,12.81,8400
7,2016-08-18 10:09:09,TRADE,12.8,100
8,2016-08-18 10:09:09,BID,12.8,20800
9,2016-08-18 10:09:09,TRADE,12.8,400
10,2016-08-18 10:09:09,BID,12.8,20400
11,2016-08-18 10:09:09,ASK,12.81,8300
12,2016-08-18 10:09:09,BID,12.8,22300
13,2016-08-18 10:09:09,TRADE,12.81,1100
14,2016-08-18 10:09:09,TRADE,12.81,200
15,2016-08-18 10:09:09,ASK,12.81,7000
16,2016-08-18 10:09:09,TRADE,12.81,100
17,2016-08-18 10:09:09,TRADE,12.81,1500
18,2016-08-18 10:09:09,TRADE,12.81,5000
19,2016-08-18 10:09:09,TRADE,12.81,400
20,2016-08-18 10:09:09,ASK,12.82,37600
21,2016-08-18 10:09:09,TRADE,12.82,1500
22,2016-08-18 10:09:09,TRADE,12.82,100
23,2016-08-18 10:09:09,TRADE,12.82,1200
24,2016-08-18 10:09:09,TRADE,12.82,3000
25,2016-08-18 10:09:09,TRADE,12.82,3000
26,2016-08-18 10:09:09,TRADE,12.82,1200
26,2016-08-18 10:09:09,ASK,12.82,27600
27,2016-08-18 10:09:09,TRADE,12.8,300
28,2016-08-18 10:09:09,BID,12.8,22000
29,2016-08-18 10:09:09,ASK,12.82,15100
30,2016-08-18 10:09:09,BID,12.81,5000
31,2016-08-18 10:09:09,TRADE,12.82,200
32,2016-08-18 10:09:09,ASK,12.82,14900
34,2016-08-18 10:09:09,TRADE,12.81,1600
35,2016-08-18 10:09:09,BID,12.81,3400
36,2016-08-18 10:09:09,BID,12.81,13400
37,2016-08-18 10:09:09,BID,12.81,13600
38,2016-08-18 10:09:09,TRADE,12.81,400
39,2016-08-18 10:09:09,BID,12.81,13200
40,2016-08-18 10:09:09,TRADE,12.81,300
41,2016-08-18 10:09:09,BID,12.81,12900
42,2016-08-18 10:09:09,TRADE,12.81,300
43,2016-08-18 10:09:09,BID,12.81,12600
44,2016-08-18 10:09:09,TRADE,12.81,1000
45,2016-08-18 10:09:09,BID,12.81,11600
50,2016-08-18 10:09:09,TRADE,12.82,1500
51,2016-08-18 10:09:09,ASK,12.82,13400
52,2016-08-18 10:09:09,TRADE,12.82,200
53,2016-08-18 10:09:09,ASK,12.82,13200
54,2016-08-18 10:09:09,TRADE,12.81,1400
55,2016-08-18 10:09:09,TRADE,12.81,600
56,2016-08-18 10:09:09,BID,12.81,9600
57,2016-08-18 10:09:09,BID,12.81,14600
58,2016-08-18 10:09:09,TRADE,12.82,400
59,2016-08-18 10:09:09,ASK,12.82,12800
60,2016-08-18 10:09:09,TRADE,12.82,300
61,2016-08-18 10:09:09,ASK,12.82,12500
63,2016-08-18 10:09:09,TRADE,12.82,200
64,2016-08-18 10:09:09,ASK,12.82,12300
65,2016-08-18 10:09:09,TRADE,12.82,7200
66,2016-08-18 10:09:09,TRADE,12.82,300
67,2016-08-18 10:09:09,ASK,12.82,4800
69,2016-08-18 10:09:09,BID,12.81,27100
71,2016-08-18 10:09:10,TRADE,12.82,100
72,2016-08-18 10:09:10,ASK,12.82,4700
73,2016-08-18 10:09:10,TRADE,12.82,4600
74,2016-08-18 10:09:10,TRADE,12.82,100
75,2016-08-18 10:09:10,ASK,12.83,26600
77,2016-08-18 10:09:10,TRADE,12.83,1000
78,2016-08-18 10:09:10,ASK,12.83,25600
79,2016-08-18 10:09:10,TRADE,12.81,200
80,2016-08-18 10:09:10,BID,12.81,26900
81,2016-08-18 10:09:10,BID,12.81,31200
82,2016-08-18 10:09:10,ASK,12.83,25700
83,2016-08-18 10:09:10,TRADE,12.83,300
84,2016-08-18 10:09:10,ASK,12.83,25400
85,2016-08-18 10:09:10,TRADE,12.83,100
86,2016-08-18 10:09:10,ASK,12.83,25300
87,2016-08-18 10:09:10,TRADE,12.83,3300
88,2016-08-18 10:09:10,ASK,12.83,22000
89,2016-08-18 10:09:10,TRADE,12.83,400
90,2016-08-18 10:09:10,ASK,12.83,21600
91,2016-08-18 10:09:11,TRADE,12.83,900
92,2016-08-18 10:09:11,ASK,12.83,20700
93,2016-08-18 10:09:11,BID,12.81,34100
94,2016-08-18 10:09:11,ASK,12.83,55700
95,2016-08-18 10:09:11,BID,12.81,21600
96,2016-08-18 10:09:11,BID,12.81,23600
97,2016-08-18 10:09:12,TRADE,12.81,9200
98,2016-08-18 10:09:12,TRADE,12.81,200
99,2016-08-18 10:09:12,TRADE,12.81,1500
100,2016-08-18 10:09:12,BID,12.81,12700
101,2016-08-18 10:09:12,ASK,12.82,5000
102,2016-08-18 10:09:12,ASK,12.82,5100
103,2016-08-18 10:09:12,BID,12.81,9200
105,2016-08-18 10:09:12,TRADE,12.82,100
106,2016-08-18 10:09:12,ASK,12.82,5000
107,2016-08-18 10:09:13,TRADE,12.82,200
108,2016-08-18 10:09:13,ASK,12.82,4800
109,2016-08-18 10:09:14,BID,12.81,14200
110,2016-08-18 10:09:17,TRADE,12.81,4300
111,2016-08-18 10:09:17,TRADE,12.81,2900
112,2016-08-18 10:09:17,TRADE,12.81,2000
113,2016-08-18 10:09:17,TRADE,12.81,5000
114,2016-08-18 10:09:17,BID,12.8,33800
115,2016-08-18 10:09:17,TRADE,12.8,2800
116,2016-08-18 10:09:17,TRADE,12.8,500
116,2016-08-18 10:09:17,BID,12.8,30500
117,2016-08-18 10:09:17,BID,12.8,30400
118,2016-08-18 10:09:17,BID,12.81,1000
119,2016-08-18 10:09:17,BID,12.8,17900
120,2016-08-18 10:09:17,TRADE,12.82,1200
121,2016-08-18 10:09:17,ASK,12.82,3600
122,2016-08-18 10:09:17,ASK,12.81,1300
123,2016-08-18 10:09:17,ASK,12.81,6300
124,2016-08-18 10:09:19,TRADE,12.81,300
125,2016-08-18 10:09:19,ASK,12.81,6000
126,2016-08-18 10:09:20,TRADE,12.81,1000
127,2016-08-18 10:09:20,TRADE,12.81,100
128,2016-08-18 10:09:20,ASK,12.81,4900
129,2016-08-18 10:09:20,TRADE,12.81,4900
130,2016-08-18 10:09:20,ASK,12.82,16200
131,2016-08-18 10:09:20,TRADE,12.82,3200
131,2016-08-18 10:09:20,ASK,12.82,13000
132,2016-08-18 10:09:20,ASK,12.82,12900
133,2016-08-18 10:09:20,ASK,12.82,400
134,2016-08-18 10:09:20,BID,12.8,30400
135,2016-08-18 10:09:21,BID,12.8,32800
136,2016-08-18 10:09:21,ASK,12.82,600
137,2016-08-18 10:09:22,ASK,12.81,200
138,2016-08-18 10:09:22,TRADE,12.8,1600
139,2016-08-18 10:09:22,BID,12.8,31200
140,2016-08-18 10:09:22,TRADE,12.8,700
141,2016-08-18 10:09:22,BID,12.8,30500
142,2016-08-18 10:09:22,ASK,12.81,300
143,2016-08-18 10:09:22,TRADE,12.8,9500
144,2016-08-18 10:09:22,TRADE,12.8,500
145,2016-08-18 10:09:22,BID,12.8,20500
146,2016-08-18 10:09:22,ASK,12.81,5300
147,2016-08-18 10:09:22,BID,12.8,8000
148,2016-08-18 10:09:23,ASK,12.81,5100
149,2016-08-18 10:09:23,ASK,12.81,5300
150,2016-08-18 10:09:23,ASK,12.81,5100
151,2016-08-18 10:09:23,TRADE,12.81,100
152,2016-08-18 10:09:23,ASK,12.81,5000
153,2016-08-18 10:09:24,TRADE,12.8,4500
154,2016-08-18 10:09:24,TRADE,12.8,200
155,2016-08-18 10:09:24,TRADE,12.8,800
156,2016-08-18 10:09:24,TRADE,12.8,100
157,2016-08-18 10:09:24,TRADE,12.8,2400
158,2016-08-18 10:09:24,BID,12.79,69500
159,2016-08-18 10:09:24,ASK,12.8,2000
160,2016-08-18 10:09:24,TRADE,12.8,2000
161,2016-08-18 10:09:24,ASK,12.81,5000
162,2016-08-18 10:09:24,BID,12.79,69400
163,2016-08-18 10:09:24,BID,12.79,56900
165,2016-08-18 10:09:24,BID,12.79,56700
166,2016-08-18 10:09:24,BID,12.8,25000
167,2016-08-18 10:09:24,BID,12.8,30000
168,2016-08-18 10:09:25,BID,12.8,30100
169,2016-08-18 10:09:26,TRADE,12.8,3000
170,2016-08-18 10:09:26,BID,12.8,27100
171,2016-08-18 10:09:26,TRADE,12.81,1000
172,2016-08-18 10:09:26,ASK,12.81,4000
173,2016-08-18 10:09:27,ASK,12.81,14000
174,2016-08-18 10:09:28,ASK,12.81,14100
175,2016-08-18 10:09:30,ASK,12.81,14200
176,2016-08-18 10:09:30,TRADE,12.8,500
177,2016-08-18 10:09:30,BID,12.8,26600
178,2016-08-18 10:09:32,TRADE,12.81,4000
179,2016-08-18 10:09:32,TRADE,12.81,8700
180,2016-08-18 10:09:32,ASK,12.81,1500
181,2016-08-18 10:09:32,TRADE,12.81,1300
182,2016-08-18 10:09:32,TRADE,12.81,100
183,2016-08-18 10:09:32,TRADE,12.81,100
184,2016-08-18 10:09:32,ASK,12.82,33200
185,2016-08-18 10:09:32,ASK,12.81,4700
187,2016-08-18 10:09:32,BID,12.8,39100
188,2016-08-18 10:09:32,ASK,12.82,20600
189,2016-08-18 10:09:32,BID,12.8,40600
190,2016-08-18 10:09:32,TRADE,12.82,300
191,2016-08-18 10:09:32,ASK,12.82,20300
192,2016-08-18 10:09:32,ASK,12.82,25300
193,2016-08-18 10:09:34,BID,12.8,40900
194,2016-08-18 10:09:35,BID,12.8,28400
195,2016-08-18 10:09:35,BID,12.8,32400
196,2016-08-18 10:09:36,TRADE,12.82,100
197,2016-08-18 10:09:36,TRADE,12.82,200
198,2016-08-18 10:09:36,TRADE,12.82,10000
199,2016-08-18 10:09:36,TRADE,12.82,10000
200,2016-08-18 10:09:36,TRADE,12.82,5000
201,2016-08-18 10:09:36,BID,12.82,14700
202,2016-08-18 10:09:36,ASK,12.83,70000
203,2016-08-18 10:09:36,ASK,12.83,69900
204,2016-08-18 10:09:36,BID,12.82,19700
205,2016-08-18 10:09:36,ASK,12.83,57400
206,2016-08-18 10:09:36,ASK,12.83,55900
211,2016-08-18 10:09:36,TRADE,12.82,100
212,2016-08-18 10:09:36,BID,12.82,19600
213,2016-08-18 10:09:38,BID,12.82,20000
214,2016-08-18 10:09:38,TRADE,12.83,1100
215,2016-08-18 10:09:38,ASK,12.83,54800
216,2016-08-18 10:09:39,TRADE,12.82,1000
217,2016-08-18 10:09:39,BID,12.82,19000
218,2016-08-18 10:09:41,ASK,12.83,54600
219,2016-08-18 10:09:42,BID,12.82,26500
220,2016-08-18 10:09:42,BID,12.82,26600
221,2016-08-18 10:09:42,TRADE,12.82,5000
222,2016-08-18 10:09:42,BID,12.82,21600
223,2016-08-18 10:09:43,TRADE,12.83,100
224,2016-08-18 10:09:43,ASK,12.83,54500
225,2016-08-18 10:09:46,TRADE,12.82,5000
226,2016-08-18 10:09:46,BID,12.82,16600
227,2016-08-18 10:09:47,TRADE,12.83,5000
228,2016-08-18 10:09:47,ASK,12.83,49500
229,2016-08-18 10:09:48,BID,12.82,17600
230,2016-08-18 10:09:48,ASK,12.83,49600
231,2016-08-18 10:09:48,ASK,12.83,50700
232,2016-08-18 10:09:49,BID,12.82,20600
233,2016-08-18 10:09:50,ASK,12.83,60700
234,2016-08-18 10:09:52,TRADE,12.83,800
235,2016-08-18 10:09:52,TRADE,12.83,300
236,2016-08-18 10:09:52,TRADE,12.83,4000
237,2016-08-18 10:09:52,TRADE,12.83,2500
238,2016-08-18 10:09:52,TRADE,12.83,1800
239,2016-08-18 10:09:52,TRADE,12.83,5000
240,2016-08-18 10:09:52,TRADE,12.83,10600
241,2016-08-18 10:09:52,ASK,12.83,35700
242,2016-08-18 10:09:53,ASK,12.83,40700
243,2016-08-18 10:09:54,BID,12.82,20900
244,2016-08-18 10:09:56,TRADE,12.83,5000
245,2016-08-18 10:09:56,ASK,12.83,35700
246,2016-08-18 10:09:56,ASK,12.83,30700
247,2016-08-18 10:09:58,TRADE,12.82,1100
248,2016-08-18 10:09:58,BID,12.82,19800
249,2016-08-18 10:09:58,ASK,12.83,35700
250,2016-08-18 10:09:58,TRADE,12.83,10000
251,2016-08-18 10:09:58,ASK,12.83,25700
252,2016-08-18 10:09:58,ASK,12.83,20700
253,2016-08-18 10:10:00,TRADE,12.83,100
254,2016-08-18 10:10:00,ASK,12.83,20600
255,2016-08-18 10:10:00,TRADE,12.82,2000
256,2016-08-18 10:10:00,BID,12.82,17800
257,2016-08-18 10:10:00,BID,12.82,18800
258,2016-08-18 10:10:02,TRADE,12.82,500
259,2016-08-18 10:10:02,TRADE,12.82,600
260,2016-08-18 10:10:02,BID,12.82,17700
261,2016-08-18 10:10:02,ASK,12.83,25600
262,2016-08-18 10:10:04,BID,12.82,18300
263,2016-08-18 10:10:05,TRADE,12.83,3000
264,2016-08-18 10:10:05,ASK,12.83,22600
265,2016-08-18 10:10:05,BID,12.82,18400
266,2016-08-18 10:10:06,BID,12.82,18800
267,2016-08-18 10:10:08,TRADE,12.83,6300
268,2016-08-18 10:10:08,TRADE,12.83,100
269,2016-08-18 10:10:08,TRADE,12.83,100
270,2016-08-18 10:10:08,TRADE,12.83,1100
271,2016-08-18 10:10:08,TRADE,12.83,10000
272,2016-08-18 10:10:08,TRADE,12.83,5000
273,2016-08-18 10:10:08,BID,12.83,2400
274,2016-08-18 10:10:08,ASK,12.84,42500
275,2016-08-18 10:10:08,BID,12.83,7400
276,2016-08-18 10:10:08,ASK,12.84,42400
277,2016-08-18 10:10:08,ASK,12.84,29900
279,2016-08-18 10:10:08,ASK,12.84,24900
280,2016-08-18 10:10:08,ASK,12.84,22200
281,2016-08-18 10:10:08,ASK,12.84,22300
283,2016-08-18 10:10:08,TRADE,12.83,11000
284,2016-08-18 10:10:09,ASK,12.85,100
285,2016-08-18 10:10:09,ASK,12.84,22800
288,2016-08-18 10:10:10,ASK,12.84,21800
289,2016-08-18 10:10:10,BID,12.83,8400
290,2016-08-18 10:10:10,ASK,12.84,21600
291,2016-08-18 10:10:12,TRADE,12.83,2400
292,2016-08-18 10:10:12,TRADE,12.83,3600
293,2016-08-18 10:10:12,BID,12.83,2400
294,2016-08-18 10:10:12,ASK,12.84,26600
295,2016-08-18 10:10:12,ASK,12.84,39100
296,2016-08-18 10:10:14,TRADE,12.84,2100
297,2016-08-18 10:10:14,TRADE,12.84,1900
298,2016-08-18 10:10:14,ASK,12.84,35100
299,2016-08-18 10:10:14,ASK,12.84,22600
300,2016-08-18 10:10:14,TRADE,12.84,200
301,2016-08-18 10:10:14,ASK,12.84,22400
302,2016-08-18 10:10:14,TRADE,12.83,1400
303,2016-08-18 10:10:14,TRADE,12.83,200
304,2016-08-18 10:10:14,BID,12.83,800
305,2016-08-18 10:10:14,BID,12.83,5800
306,2016-08-18 10:10:14,BID,12.83,6300
307,2016-08-18 10:10:15,BID,12.83,9300
308,2016-08-18 10:10:15,BID,12.83,9400
309,2016-08-18 10:10:16,BID,12.83,11400
310,2016-08-18 10:10:17,TRADE,12.84,4900
311,2016-08-18 10:10:17,TRADE,12.84,500
312,2016-08-18 10:10:17,TRADE,12.84,9000
313,2016-08-18 10:10:17,TRADE,12.84,1900
314,2016-08-18 10:10:17,TRADE,12.84,500
315,2016-08-18 10:10:17,TRADE,12.84,100
316,2016-08-18 10:10:17,TRADE,12.84,500
317,2016-08-18 10:10:17,TRADE,12.84,5000
318,2016-08-18 10:10:17,BID,12.84,2600
319,2016-08-18 10:10:17,ASK,12.85,55100
320,2016-08-18 10:10:17,BID,12.84,7600
321,2016-08-18 10:10:17,ASK,12.85,55600
322,2016-08-18 10:10:17,ASK,12.85,55500
323,2016-08-18 10:10:17,ASK,12.85,43000
324,2016-08-18 10:10:17,TRADE,12.84,100
325,2016-08-18 10:10:17,BID,12.84,7500
328,2016-08-18 10:10:17,ASK,12.85,100
330,2016-08-18 10:10:19,TRADE,12.84,200
331,2016-08-18 10:10:19,BID,12.84,7300
332,2016-08-18 10:10:19,ASK,12.85,42800
333,2016-08-18 10:10:19,ASK,12.85,43000
334,2016-08-18 10:10:19,ASK,12.85,41500
335,2016-08-18 10:10:20,BID,12.84,8400
336,2016-08-18 10:10:20,ASK,12.85,41600
337,2016-08-18 10:10:22,TRADE,12.84,900
338,2016-08-18 10:10:22,BID,12.84,7500
339,2016-08-18 10:10:23,TRADE,12.85,1400
340,2016-08-18 10:10:23,TRADE,12.85,200
341,2016-08-18 10:10:23,TRADE,12.85,400
342,2016-08-18 10:10:23,ASK,12.85,39600
343,2016-08-18 10:10:23,TRADE,12.85,100
344,2016-08-18 10:10:23,ASK,12.85,39500
345,2016-08-18 10:10:23,TRADE,12.85,300
346,2016-08-18 10:10:23,ASK,12.85,39200
347,2016-08-18 10:10:23,TRADE,12.84,200
348,2016-08-18 10:10:23,BID,12.84,7300
349,2016-08-18 10:10:23,ASK,12.85,39000
350,2016-08-18 10:10:23,ASK,12.85,39200
351,2016-08-18 10:10:23,TRADE,12.84,500
352,2016-08-18 10:10:23,BID,12.84,6800
353,2016-08-18 10:10:23,TRADE,12.85,200
354,2016-08-18 10:10:23,TRADE,12.85,500
355,2016-08-18 10:10:23,TRADE,12.85,2000
356,2016-08-18 10:10:23,TRADE,12.85,11000
357,2016-08-18 10:10:23,TRADE,12.85,100
358,2016-08-18 10:10:23,TRADE,12.85,600
359,2016-08-18 10:10:23,TRADE,12.85,200
360,2016-08-18 10:10:23,TRADE,12.85,8200
361,2016-08-18 10:10:23,TRADE,12.85,5000
362,2016-08-18 10:10:23,TRADE,12.85,10000
363,2016-08-18 10:10:23,TRADE,12.85,600
364,2016-08-18 10:10:23,TRADE,12.85,500
365,2016-08-18 10:10:23,TRADE,12.85,100
366,2016-08-18 10:10:23,TRADE,12.85,200
367,2016-08-18 10:10:23,BID,12.85,2800
368,2016-08-18 10:10:23,ASK,12.86,28200
369,2016-08-18 10:10:23,BID,12.85,7800
370,2016-08-18 10:10:23,ASK,12.86,28700
371,2016-08-18 10:10:23,ASK,12.86,28600
372,2016-08-18 10:10:23,ASK,12.86,16100
373,2016-08-18 10:10:23,TRADE,12.85,2000
374,2016-08-18 10:10:23,BID,12.85,5800
375,2016-08-18 10:10:23,BID,12.85,5900
376,2016-08-18 10:10:23,TRADE,12.86,100
377,2016-08-18 10:10:23,BID,12.85,5800
378,2016-08-18 10:10:23,ASK,12.86,16000
379,2016-08-18 10:10:23,TRADE,12.85,200
380,2016-08-18 10:10:23,BID,12.85,5600
381,2016-08-18 10:10:23,ASK,12.86,15900
382,2016-08-18 10:10:23,TRADE,12.85,200
383,2016-08-18 10:10:23,BID,12.85,5400
385,2016-08-18 10:10:23,TRADE,12.85,100
386,2016-08-18 10:10:23,BID,12.85,5300
387,2016-08-18 10:10:23,TRADE,12.85,200
388,2016-08-18 10:10:23,BID,12.85,5100
389,2016-08-18 10:10:23,TRADE,12.85,100
390,2016-08-18 10:10:23,TRADE,12.85,100
391,2016-08-18 10:10:23,BID,12.85,4900
392,2016-08-18 10:10:23,TRADE,12.85,200
393,2016-08-18 10:10:23,BID,12.85,4700
394,2016-08-18 10:10:23,TRADE,12.85,100
395,2016-08-18 10:10:23,BID,12.85,4600
396,2016-08-18 10:10:23,TRADE,12.85,200
397,2016-08-18 10:10:23,BID,12.85,4400
398,2016-08-18 10:10:23,TRADE,12.85,200
399,2016-08-18 10:10:23,BID,12.85,4200
400,2016-08-18 10:10:23,TRADE,12.85,200
401,2016-08-18 10:10:23,BID,12.85,4000
402,2016-08-18 10:10:23,TRADE,12.85,100
403,2016-08-18 10:10:23,BID,12.85,3900
404,2016-08-18 10:10:23,TRADE,12.85,200
405,2016-08-18 10:10:23,BID,12.85,3700
406,2016-08-18 10:10:23,TRADE,12.85,200
407,2016-08-18 10:10:23,BID,12.85,3500
408,2016-08-18 10:10:23,TRADE,12.85,200
409,2016-08-18 10:10:23,BID,12.85,3300
410,2016-08-18 10:10:23,TRADE,12.85,200
411,2016-08-18 10:10:23,BID,12.85,3100
412,2016-08-18 10:10:23,TRADE,12.85,200
413,2016-08-18 10:10:23,BID,12.85,2900
414,2016-08-18 10:10:23,TRADE,12.85,200
415,2016-08-18 10:10:23,BID,12.85,2700
416,2016-08-18 10:10:23,TRADE,12.85,100
417,2016-08-18 10:10:23,BID,12.85,2600
418,2016-08-18 10:10:23,TRADE,12.85,200
419,2016-08-18 10:10:23,BID,12.85,2400
420,2016-08-18 10:10:23,TRADE,12.85,200
421,2016-08-18 10:10:23,BID,12.85,2200
422,2016-08-18 10:10:23,TRADE,12.85,200
423,2016-08-18 10:10:23,BID,12.85,2000
424,2016-08-18 10:10:23,TRADE,12.85,100
425,2016-08-18 10:10:23,BID,12.85,1900
426,2016-08-18 10:10:23,TRADE,12.85,200
427,2016-08-18 10:10:23,BID,12.85,1700
428,2016-08-18 10:10:23,TRADE,12.85,200
429,2016-08-18 10:10:23,BID,12.85,1500
430,2016-08-18 10:10:23,TRADE,12.85,200
431,2016-08-18 10:10:23,BID,12.85,1300
432,2016-08-18 10:10:23,TRADE,12.85,100
433,2016-08-18 10:10:23,BID,12.85,1200
434,2016-08-18 10:10:23,ASK,12.86,16100
438,2016-08-18 10:10:24,TRADE,12.85,100
439,2016-08-18 10:10:24,BID,12.85,1100
441,2016-08-18 10:10:24,TRADE,12.85,100
442,2016-08-18 10:10:24,BID,12.85,1000
443,2016-08-18 10:10:24,BID,12.85,2200
444,2016-08-18 10:10:24,TRADE,12.86,300
445,2016-08-18 10:10:24,ASK,12.86,15800
446,2016-08-18 10:10:25,TRADE,12.86,2000
447,2016-08-18 10:10:25,ASK,12.86,13800
448,2016-08-18 10:10:26,TRADE,12.86,1000
449,2016-08-18 10:10:26,ASK,12.86,12800
450,2016-08-18 10:10:26,ASK,12.86,10800
451,2016-08-18 10:10:28,TRADE,12.86,100
452,2016-08-18 10:10:28,ASK,12.86,10700
453,2016-08-18 10:10:29,TRADE,12.85,1000
454,2016-08-18 10:10:29,TRADE,12.85,1200
455,2016-08-18 10:10:29,BID,12.84,21300
456,2016-08-18 10:10:29,ASK,12.85,2800
457,2016-08-18 10:10:29,BID,12.84,8800
461,2016-08-18 10:10:30,TRADE,12.85,1000
462,2016-08-18 10:10:30,ASK,12.85,1800
463,2016-08-18 10:10:31,BID,12.84,9500
464,2016-08-18 10:10:32,TRADE,12.85,1800
465,2016-08-18 10:10:32,ASK,12.86,23200
466,2016-08-18 10:10:32,TRADE,12.86,1200
466,2016-08-18 10:10:32,ASK,12.86,22000
467,2016-08-18 10:10:32,BID,12.85,300
468,2016-08-18 10:10:32,BID,12.85,700
469,2016-08-18 10:10:32,ASK,12.86,9500
470,2016-08-18 10:10:32,BID,12.85,5700
471,2016-08-18 10:10:32,BID,12.85,6200
473,2016-08-18 10:10:33,BID,12.85,8200
474,2016-08-18 10:10:34,TRADE,12.85,200
475,2016-08-18 10:10:34,BID,12.85,8000
476,2016-08-18 10:10:34,ASK,12.86,9300
477,2016-08-18 10:10:34,BID,12.85,7500
478,2016-08-18 10:10:34,ASK,12.86,9500
479,2016-08-18 10:10:34,BID,12.85,7600
480,2016-08-18 10:10:34,BID,12.85,47600
481,2016-08-18 10:10:34,TRADE,12.86,300
482,2016-08-18 10:10:34,TRADE,12.86,700
483,2016-08-18 10:10:34,ASK,12.86,8500
484,2016-08-18 10:10:34,BID,12.85,48100
485,2016-08-18 10:10:35,ASK,12.86,7000
486,2016-08-18 10:10:35,ASK,12.86,2000
487,2016-08-18 10:10:35,ASK,12.86,1500
488,2016-08-18 10:10:35,TRADE,12.85,100
489,2016-08-18 10:10:35,BID,12.85,48000
490,2016-08-18 10:10:35,BID,12.85,48600
491,2016-08-18 10:10:36,BID,12.85,58600
492,2016-08-18 10:10:36,ASK,12.86,1600
493,2016-08-18 10:10:37,TRADE,12.85,400
494,2016-08-18 10:10:37,TRADE,12.85,600
495,2016-08-18 10:10:37,BID,12.85,57600
496,2016-08-18 10:10:37,ASK,12.86,6600
497,2016-08-18 10:10:37,ASK,12.86,7100
498,2016-08-18 10:10:37,ASK,12.86,7400
499,2016-08-18 10:10:37,TRADE,12.85,200
500,2016-08-18 10:10:37,BID,12.85,57400
501,2016-08-18 10:10:37,ASK,12.86,7200
502,2016-08-18 10:10:37,ASK,12.86,7400
503,2016-08-18 10:10:37,ASK,12.86,12400
504,2016-08-18 10:10:37,TRADE,12.86,300
505,2016-08-18 10:10:37,TRADE,12.86,1000
506,2016-08-18 10:10:37,TRADE,12.86,100
507,2016-08-18 10:10:37,TRADE,12.86,3600
508,2016-08-18 10:10:37,ASK,12.86,7400
509,2016-08-18 10:10:37,ASK,12.86,7100
510,2016-08-18 10:10:37,ASK,12.86,6600
511,2016-08-18 10:10:38,ASK,12.86,6900
512,2016-08-18 10:10:38,TRADE,12.86,1400
513,2016-08-18 10:10:38,TRADE,12.86,200
514,2016-08-18 10:10:38,TRADE,12.86,3400
515,2016-08-18 10:10:38,ASK,12.86,1900
516,2016-08-18 10:10:38,ASK,12.86,1600
517,2016-08-18 10:10:38,BID,12.85,57600
518,2016-08-18 10:10:38,BID,12.85,70100
519,2016-08-18 10:10:39,ASK,12.86,11600
520,2016-08-18 10:10:39,BID,12.85,57600
521,2016-08-18 10:10:39,ASK,12.86,11900
522,2016-08-18 10:10:39,ASK,12.86,16900
523,2016-08-18 10:10:39,TRADE,12.85,2000
524,2016-08-18 10:10:39,BID,12.85,55600
525,2016-08-18 10:10:39,ASK,12.86,17400
526,2016-08-18 10:10:39,TRADE,12.85,1900
527,2016-08-18 10:10:39,BID,12.85,53700
528,2016-08-18 10:10:39,TRADE,12.86,1000
529,2016-08-18 10:10:39,ASK,12.86,16400
530,2016-08-18 10:10:39,ASK,12.86,15900
531,2016-08-18 10:10:40,BID,12.85,54700
532,2016-08-18 10:10:40,TRADE,12.86,600
533,2016-08-18 10:10:40,TRADE,12.86,1100
534,2016-08-18 10:10:40,ASK,12.86,14200
535,2016-08-18 10:10:40,TRADE,12.85,300
536,2016-08-18 10:10:40,TRADE,12.85,500
537,2016-08-18 10:10:40,BID,12.85,53900
538,2016-08-18 10:10:40,BID,12.85,63900
539,2016-08-18 10:10:40,BID,12.85,64000
540,2016-08-18 10:10:40,ASK,12.86,9200
541,2016-08-18 10:10:41,ASK,12.86,8900
542,2016-08-18 10:10:41,ASK,12.86,20600
543,2016-08-18 10:10:41,ASK,12.86,25600
544,2016-08-18 10:10:43,TRADE,12.85,1500
545,2016-08-18 10:10:43,TRADE,12.85,100
546,2016-08-18 10:10:43,TRADE,12.85,1500
547,2016-08-18 10:10:43,BID,12.85,60900
548,2016-08-18 10:10:43,ASK,12.86,13900
549,2016-08-18 10:10:43,BID,12.85,62000
550,2016-08-18 10:10:43,ASK,12.86,22400
551,2016-08-18 10:10:43,BID,12.85,62100
552,2016-08-18 10:10:43,TRADE,12.85,600
553,2016-08-18 10:10:43,BID,12.85,61500
555,2016-08-18 10:10:43,TRADE,12.86,3600
556,2016-08-18 10:10:43,ASK,12.86,18800
558,2016-08-18 10:10:44,TRADE,12.86,2100
559,2016-08-18 10:10:44,ASK,12.86,16700
560,2016-08-18 10:10:44,BID,12.85,76800
561,2016-08-18 10:10:44,TRADE,12.85,600
562,2016-08-18 10:10:44,BID,12.85,76200
563,2016-08-18 10:10:44,ASK,12.86,8200
564,2016-08-18 10:10:44,ASK,12.86,3200
565,2016-08-18 10:10:44,ASK,12.86,11100
566,2016-08-18 10:10:45,TRADE,12.86,400
567,2016-08-18 10:10:45,ASK,12.86,10700
568,2016-08-18 10:10:45,TRADE,12.86,2800
569,2016-08-18 10:10:45,TRADE,12.86,7900
570,2016-08-18 10:10:45,BID,12.86,9300
571,2016-08-18 10:10:45,ASK,12.87,12300
572,2016-08-18 10:10:45,ASK,12.87,12200
573,2016-08-18 10:10:45,BID,12.86,9700
574,2016-08-18 10:10:45,BID,12.86,10000
575,2016-08-18 10:10:45,BID,12.86,10300
576,2016-08-18 10:10:45,BID,12.86,15300
577,2016-08-18 10:10:45,ASK,12.87,12700
578,2016-08-18 10:10:45,TRADE,12.86,100
579,2016-08-18 10:10:45,BID,12.86,15200
580,2016-08-18 10:10:45,TRADE,12.86,2000
581,2016-08-18 10:10:45,BID,12.86,13200
582,2016-08-18 10:10:45,TRADE,12.86,700
583,2016-08-18 10:10:45,BID,12.86,12500
584,2016-08-18 10:10:45,TRADE,12.86,2000
585,2016-08-18 10:10:45,BID,12.86,10500
586,2016-08-18 10:10:45,TRADE,12.86,1900
587,2016-08-18 10:10:45,BID,12.86,8600
588,2016-08-18 10:10:45,TRADE,12.86,100
589,2016-08-18 10:10:45,BID,12.86,8500
590,2016-08-18 10:10:45,BID,12.86,8200
591,2016-08-18 10:10:45,TRADE,12.86,100
592,2016-08-18 10:10:45,BID,12.86,8100
593,2016-08-18 10:10:45,TRADE,12.86,2000
594,2016-08-18 10:10:45,BID,12.86,6100
595,2016-08-18 10:10:45,TRADE,12.86,400
596,2016-08-18 10:10:45,TRADE,12.86,400
597,2016-08-18 10:10:45,TRADE,12.86,300
598,2016-08-18 10:10:45,TRADE,12.86,300
599,2016-08-18 10:10:45,BID,12.86,4700
600,2016-08-18 10:10:45,BID,12.86,5000
601,2016-08-18 10:10:45,BID,12.86,5400
602,2016-08-18 10:10:45,BID,12.86,700
604,2016-08-18 10:10:45,TRADE,12.86,100
605,2016-08-18 10:10:45,BID,12.86,600
606,2016-08-18 10:10:45,TRADE,12.86,200
607,2016-08-18 10:10:45,TRADE,12.86,400
608,2016-08-18 10:10:45,BID,12.85,89000
609,2016-08-18 10:10:45,ASK,12.86,100
610,2016-08-18 10:10:45,TRADE,12.86,100
611,2016-08-18 10:10:45,BID,12.86,200
612,2016-08-18 10:10:45,ASK,12.87,12700
613,2016-08-18 10:10:45,BID,12.86,600
614,2016-08-18 10:10:45,BID,12.86,400
615,2016-08-18 10:10:45,BID,12.86,700
616,2016-08-18 10:10:45,TRADE,12.86,400
617,2016-08-18 10:10:45,TRADE,12.86,300
618,2016-08-18 10:10:45,BID,12.85,76500
619,2016-08-18 10:10:45,BID,12.86,300
620,2016-08-18 10:10:45,BID,12.86,700
621,2016-08-18 10:10:45,TRADE,12.86,300
622,2016-08-18 10:10:45,TRADE,12.86,300
623,2016-08-18 10:10:45,BID,12.86,100
624,2016-08-18 10:10:45,BID,12.86,400
625,2016-08-18 10:10:46,TRADE,12.87,1500
626,2016-08-18 10:10:46,TRADE,12.87,1000
627,2016-08-18 10:10:46,TRADE,12.87,700
628,2016-08-18 10:10:46,ASK,12.87,9500
629,2016-08-18 10:10:46,BID,12.86,5400
630,2016-08-18 10:10:46,ASK,12.87,8000
631,2016-08-18 10:10:46,ASK,12.87,8300
632,2016-08-18 10:10:46,ASK,12.87,8700
633,2016-08-18 10:10:46,BID,12.86,5700
634,2016-08-18 10:10:46,ASK,12.87,9000
635,2016-08-18 10:10:46,ASK,12.87,8800
636,2016-08-18 10:10:46,TRADE,12.87,200
637,2016-08-18 10:10:46,ASK,12.87,8600
638,2016-08-18 10:10:46,TRADE,12.87,300
639,2016-08-18 10:10:46,ASK,12.87,8300
640,2016-08-18 10:10:46,ASK,12.87,8000
641,2016-08-18 10:10:46,ASK,12.87,7600
642,2016-08-18 10:10:46,ASK,12.87,8400
643,2016-08-18 10:10:47,TRADE,12.86,100
644,2016-08-18 10:10:47,TRADE,12.86,300
645,2016-08-18 10:10:47,TRADE,12.86,5000
646,2016-08-18 10:10:47,TRADE,12.86,300
647,2016-08-18 10:10:47,BID,12.85,89200
648,2016-08-18 10:10:47,ASK,12.86,14300
649,2016-08-18 10:10:47,TRADE,12.86,300
650,2016-08-18 10:10:47,ASK,12.86,14000
651,2016-08-18 10:10:47,TRADE,12.86,400
652,2016-08-18 10:10:47,ASK,12.86,13600
653,2016-08-18 10:10:47,BID,12.85,89100
654,2016-08-18 10:10:47,BID,12.85,76600
655,2016-08-18 10:10:47,TRADE,12.86,3000
656,2016-08-18 10:10:47,ASK,12.86,10600
657,2016-08-18 10:10:47,TRADE,12.85,900
658,2016-08-18 10:10:47,BID,12.85,75700
659,2016-08-18 10:10:47,TRADE,12.86,1200
660,2016-08-18 10:10:47,ASK,12.86,9400
661,2016-08-18 10:10:47,TRADE,12.86,9400
662,2016-08-18 10:10:47,BID,12.86,5900
663,2016-08-18 10:10:47,ASK,12.87,8800
664,2016-08-18 10:10:47,BID,12.86,10900
665,2016-08-18 10:10:47,BID,12.86,11300
666,2016-08-18 10:10:47,ASK,12.87,9100
667,2016-08-18 10:10:47,BID,12.86,11600
668,2016-08-18 10:10:47,TRADE,12.86,1300
669,2016-08-18 10:10:47,BID,12.86,10300
671,2016-08-18 10:10:47,BID,12.86,18000
673,2016-08-18 10:10:47,BID,12.86,19000
674,2016-08-18 10:10:47,BID,12.86,25000
675,2016-08-18 10:10:47,BID,12.86,31000
676,2016-08-18 10:10:48,ASK,12.87,8800
677,2016-08-18 10:10:48,TRADE,12.86,3000
678,2016-08-18 10:10:48,BID,12.86,28000
679,2016-08-18 10:10:48,BID,12.86,28700
680,2016-08-18 10:10:49,TRADE,12.86,1200
681,2016-08-18 10:10:49,BID,12.86,27500
682,2016-08-18 10:10:49,BID,12.86,27600
683,2016-08-18 10:10:50,BID,12.86,37600
684,2016-08-18 10:10:50,ASK,12.87,9100
685,2016-08-18 10:10:51,BID,12.86,39600
686,2016-08-18 10:10:51,BID,12.86,39800
687,2016-08-18 10:10:52,TRADE,12.86,400
688,2016-08-18 10:10:52,TRADE,12.86,1600
689,2016-08-18 10:10:52,BID,12.86,43800
690,2016-08-18 10:10:52,TRADE,12.87,2000
691,2016-08-18 10:10:52,ASK,12.87,7100
692,2016-08-18 10:10:52,ASK,12.87,6800
693,2016-08-18 10:10:52,ASK,12.87,6400
694,2016-08-18 10:10:53,TRADE,12.87,1200
695,2016-08-18 10:10:53,ASK,12.87,5200
696,2016-08-18 10:10:53,BID,12.86,44300
697,2016-08-18 10:10:53,TRADE,12.86,3400
698,2016-08-18 10:10:53,TRADE,12.86,400
699,2016-08-18 10:10:53,TRADE,12.86,200
700,2016-08-18 10:10:53,BID,12.86,40300
701,2016-08-18 10:10:53,ASK,12.87,5600
702,2016-08-18 10:10:53,BID,12.86,44400
703,2016-08-18 10:10:53,TRADE,12.87,200
704,2016-08-18 10:10:53,ASK,12.87,5400
705,2016-08-18 10:10:53,BID,12.86,46400
706,2016-08-18 10:10:53,ASK,12.87,6900
707,2016-08-18 10:10:54,TRADE,12.87,100
708,2016-08-18 10:10:54,ASK,12.87,6800
709,2016-08-18 10:10:54,TRADE,12.86,100
710,2016-08-18 10:10:54,TRADE,12.86,1900
711,2016-08-18 10:10:54,BID,12.86,44400
712,2016-08-18 10:10:54,TRADE,12.86,100
713,2016-08-18 10:10:54,BID,12.86,44300
714,2016-08-18 10:10:54,TRADE,12.86,1000
715,2016-08-18 10:10:54,BID,12.86,43300
716,2016-08-18 10:10:54,ASK,12.87,7100
717,2016-08-18 10:10:55,TRADE,12.87,300
718,2016-08-18 10:10:55,TRADE,12.87,1000
719,2016-08-18 10:10:55,ASK,12.87,5800
720,2016-08-18 10:10:55,ASK,12.87,10800
721,2016-08-18 10:10:55,ASK,12.87,10500
722,2016-08-18 10:10:55,BID,12.86,44300
723,2016-08-18 10:10:56,ASK,12.87,10000
724,2016-08-18 10:10:56,BID,12.86,49300
725,2016-08-18 10:10:56,ASK,12.87,9600
726,2016-08-18 10:10:56,ASK,12.87,10000
727,2016-08-18 10:10:56,ASK,12.87,9600
728,2016-08-18 10:10:56,BID,12.86,50300
729,2016-08-18 10:10:57,ASK,12.87,10000
730,2016-08-18 10:10:57,ASK,12.87,9600
731,2016-08-18 10:10:57,ASK,12.87,11600
732,2016-08-18 10:10:57,ASK,12.87,11700
733,2016-08-18 10:10:58,ASK,12.87,12100
734,2016-08-18 10:10:58,TRADE,12.86,800
735,2016-08-18 10:10:58,BID,12.86,49500
736,2016-08-18 10:10:59,TRADE,12.87,2000
737,2016-08-18 10:10:59,TRADE,12.87,300
738,2016-08-18 10:10:59,TRADE,12.87,800
739,2016-08-18 10:10:59,TRADE,12.87,1500
740,2016-08-18 10:10:59,TRADE,12.87,5000
741,2016-08-18 10:10:59,TRADE,12.87,2000
742,2016-08-18 10:10:59,TRADE,12.87,100
743,2016-08-18 10:10:59,TRADE,12.87,400
744,2016-08-18 10:10:59,BID,12.87,4900
745,2016-08-18 10:10:59,ASK,12.88,43400
746,2016-08-18 10:10:59,ASK,12.88,43900
747,2016-08-18 10:10:59,ASK,12.88,43800
748,2016-08-18 10:10:59,ASK,12.88,31300
750,2016-08-18 10:11:00,TRADE,12.87,400
751,2016-08-18 10:11:00,BID,12.87,4500
752,2016-08-18 10:11:00,TRADE,12.87,1300
753,2016-08-18 10:11:00,BID,12.87,3200
754,2016-08-18 10:11:00,TRADE,12.87,700
755,2016-08-18 10:11:00,BID,12.87,2500
756,2016-08-18 10:11:00,TRADE,12.87,100
757,2016-08-18 10:11:00,BID,12.87,2400
758,2016-08-18 10:11:00,TRADE,12.87,1800
759,2016-08-18 10:11:00,BID,12.87,600
760,2016-08-18 10:11:00,TRADE,12.87,600
761,2016-08-18 10:11:00,BID,12.86,62000
762,2016-08-18 10:11:00,BID,12.86,49500
763,2016-08-18 10:11:00,ASK,12.87,300
764,2016-08-18 10:11:00,TRADE,12.87,300
765,2016-08-18 10:11:00,ASK,12.88,31300
766,2016-08-18 10:11:00,TRADE,12.88,800
767,2016-08-18 10:11:00,TRADE,12.88,3500
767,2016-08-18 10:11:00,ASK,12.88,27000
768,2016-08-18 10:11:00,BID,12.87,21700
769,2016-08-18 10:11:00,TRADE,12.87,2000
770,2016-08-18 10:11:00,BID,12.87,19700
771,2016-08-18 10:11:00,TRADE,12.87,500
772,2016-08-18 10:11:00,BID,12.87,19200
773,2016-08-18 10:11:00,TRADE,12.87,1000
774,2016-08-18 10:11:00,BID,12.87,18200
775,2016-08-18 10:11:00,BID,12.87,20200
776,2016-08-18 10:11:00,BID,12.87,22100
777,2016-08-18 10:11:00,ASK,12.88,25500
779,2016-08-18 10:11:01,TRADE,12.88,4800
780,2016-08-18 10:11:01,ASK,12.88,20700
781,2016-08-18 10:11:01,ASK,12.88,17900
782,2016-08-18 10:11:01,BID,12.87,27100
783,2016-08-18 10:11:01,TRADE,12.87,8100
784,2016-08-18 10:11:01,BID,12.87,19000
785,2016-08-18 10:11:01,BID,12.87,14000
786,2016-08-18 10:11:02,BID,12.87,15200
787,2016-08-18 10:11:02,BID,12.87,22900
788,2016-08-18 10:11:02,TRADE,12.87,2500
789,2016-08-18 10:11:02,BID,12.87,20400
790,2016-08-18 10:11:03,TRADE,12.87,7600
791,2016-08-18 10:11:03,TRADE,12.87,2000
792,2016-08-18 10:11:03,TRADE,12.87,400
793,2016-08-18 10:11:03,BID,12.87,10500
794,2016-08-18 10:11:03,ASK,12.88,30400
795,2016-08-18 10:11:03,ASK,12.88,33200
796,2016-08-18 10:11:03,TRADE,12.87,1500
797,2016-08-18 10:11:03,TRADE,12.87,1200
798,2016-08-18 10:11:03,TRADE,12.87,7700
799,2016-08-18 10:11:03,TRADE,12.87,100
800,2016-08-18 10:11:03,BID,12.86,49600
801,2016-08-18 10:11:03,ASK,12.87,400
802,2016-08-18 10:11:03,ASK,12.87,900
803,2016-08-18 10:11:03,ASK,12.87,5900
804,2016-08-18 10:11:03,BID,12.86,49500
805,2016-08-18 10:11:03,ASK,12.87,6200
806,2016-08-18 10:11:03,ASK,12.87,6500
808,2016-08-18 10:11:03,BID,12.86,48500
809,2016-08-18 10:11:03,BID,12.86,48000
810,2016-08-18 10:11:04,TRADE,12.87,400
811,2016-08-18 10:11:04,TRADE,12.87,500
812,2016-08-18 10:11:04,TRADE,12.87,5000
813,2016-08-18 10:11:04,TRADE,12.87,300
814,2016-08-18 10:11:04,TRADE,12.87,300
815,2016-08-18 10:11:04,BID,12.87,8500
816,2016-08-18 10:11:04,ASK,12.88,34800
817,2016-08-18 10:11:04,TRADE,12.87,400
818,2016-08-18 10:11:04,BID,12.87,8100
819,2016-08-18 10:11:04,TRADE,12.87,300
820,2016-08-18 10:11:04,BID,12.87,7800
821,2016-08-18 10:11:04,ASK,12.88,22300
822,2016-08-18 10:11:04,ASK,12.88,22200
823,2016-08-18 10:11:04,TRADE,12.87,7800
824,2016-08-18 10:11:04,BID,12.86,48500
825,2016-08-18 10:11:04,ASK,12.87,5000
826,2016-08-18 10:11:04,ASK,12.87,5400
828,2016-08-18 10:11:04,ASK,12.87,5700
829,2016-08-18 10:11:04,ASK,12.87,6000
830,2016-08-18 10:11:04,ASK,12.87,5700
831,2016-08-18 10:11:04,ASK,12.87,5400
833,2016-08-18 10:11:04,TRADE,12.87,100
834,2016-08-18 10:11:04,ASK,12.87,5300
835,2016-08-18 10:11:04,TRADE,12.87,2000
836,2016-08-18 10:11:04,ASK,12.87,3300
837,2016-08-18 10:11:05,TRADE,12.86,100
838,2016-08-18 10:11:05,BID,12.86,48400
839,2016-08-18 10:11:07,ASK,12.87,5200
840,2016-08-18 10:11:07,BID,12.86,46400
841,2016-08-18 10:11:07,BID,12.86,46700
842,2016-08-18 10:11:08,TRADE,12.86,3800
843,2016-08-18 10:11:08,TRADE,12.86,1000
844,2016-08-18 10:11:08,TRADE,12.86,200
845,2016-08-18 10:11:08,BID,12.86,41700
846,2016-08-18 10:11:08,ASK,12.87,5500
847,2016-08-18 10:11:08,ASK,12.87,6000
848,2016-08-18 10:11:08,TRADE,12.86,1100
849,2016-08-18 10:11:08,BID,12.86,40600
850,2016-08-18 10:11:09,TRADE,12.87,100
851,2016-08-18 10:11:09,ASK,12.87,5900
852,2016-08-18 10:11:09,TRADE,12.87,2800
853,2016-08-18 10:11:09,TRADE,12.87,400
854,2016-08-18 10:11:09,TRADE,12.87,1800
855,2016-08-18 10:11:09,ASK,12.87,900
856,2016-08-18 10:11:09,ASK,12.87,600
857,2016-08-18 10:11:09,ASK,12.87,100
858,2016-08-18 10:11:09,ASK,12.87,500
859,2016-08-18 10:11:09,ASK,12.87,5500
860,2016-08-18 10:11:09,ASK,12.87,6000
861,2016-08-18 10:11:10,TRADE,12.86,100
862,2016-08-18 10:11:10,BID,12.86,40500
863,2016-08-18 10:11:11,TRADE,12.87,100
864,2016-08-18 10:11:11,TRADE,12.87,400
865,2016-08-18 10:11:11,TRADE,12.87,5000
866,2016-08-18 10:11:11,TRADE,12.87,500
867,2016-08-18 10:11:11,BID,12.87,9000
868,2016-08-18 10:11:11,ASK,12.88,36800
869,2016-08-18 10:11:11,TRADE,12.87,400
870,2016-08-18 10:11:11,BID,12.87,8600
871,2016-08-18 10:11:11,ASK,12.88,36700
872,2016-08-18 10:11:11,ASK,12.88,24200
874,2016-08-18 10:11:11,TRADE,12.87,1700
875,2016-08-18 10:11:11,BID,12.87,6900
877,2016-08-18 10:11:12,TRADE,12.88,1700
878,2016-08-18 10:11:12,TRADE,12.88,300
879,2016-08-18 10:11:12,TRADE,12.88,100
880,2016-08-18 10:11:12,TRADE,12.88,100
881,2016-08-18 10:11:12,TRADE,12.88,900
882,2016-08-18 10:11:12,ASK,12.88,21100
883,2016-08-18 10:11:12,BID,12.87,12400
884,2016-08-18 10:11:12,BID,12.87,17400
885,2016-08-18 10:11:12,BID,12.87,17700
886,2016-08-18 10:11:12,BID,12.87,18000
887,2016-08-18 10:11:12,ASK,12.88,18300
888,2016-08-18 10:11:12,TRADE,12.88,2000
889,2016-08-18 10:11:12,ASK,12.88,16300
890,2016-08-18 10:11:12,BID,12.87,54400
891,2016-08-18 10:11:13,TRADE,12.88,1000
892,2016-08-18 10:11:13,ASK,12.88,15300
893,2016-08-18 10:11:13,TRADE,12.87,3000
894,2016-08-18 10:11:13,BID,12.87,51400
895,2016-08-18 10:11:13,BID,12.87,52100
896,2016-08-18 10:11:14,TRADE,12.87,3000
897,2016-08-18 10:11:14,BID,12.87,49100
898,2016-08-18 10:11:14,BID,12.87,49300
899,2016-08-18 10:11:15,TRADE,12.88,6100
900,2016-08-18 10:11:15,TRADE,12.88,5000
901,2016-08-18 10:11:15,TRADE,12.88,200
902,2016-08-18 10:11:15,TRADE,12.88,500
903,2016-08-18 10:11:15,TRADE,12.88,1500
904,2016-08-18 10:11:15,TRADE,12.88,1700
905,2016-08-18 10:11:15,ASK,12.88,300
906,2016-08-18 10:11:15,BID,12.87,49800
907,2016-08-18 10:11:15,ASK,12.88,700
908,2016-08-18 10:11:15,ASK,12.88,5700
909,2016-08-18 10:11:15,BID,12.87,56600
910,2016-08-18 10:11:15,ASK,12.88,700
911,2016-08-18 10:11:15,BID,12.87,69100
912,2016-08-18 10:11:16,BID,12.87,69600
913,2016-08-18 10:11:16,TRADE,12.87,300
914,2016-08-18 10:11:16,BID,12.87,69300
915,2016-08-18 10:11:16,ASK,12.88,400
916,2016-08-18 10:11:17,ASK,12.89,23200
917,2016-08-18 10:11:17,ASK,12.89,23700
918,2016-08-18 10:11:17,BID,12.87,71300
919,2016-08-18 10:11:17,TRADE,12.89,100
920,2016-08-18 10:11:17,ASK,12.89,23600
921,2016-08-18 10:11:18,BID,12.87,76800
922,2016-08-18 10:11:18,ASK,12.89,23300
923,2016-08-18 10:11:18,BID,12.87,76900
924,2016-08-18 10:11:19,BID,12.87,64400
925,2016-08-18 10:11:19,BID,12.87,69000
926,2016-08-18 10:11:19,BID,12.87,75000
927,2016-08-18 10:11:19,BID,12.87,76000
928,2016-08-18 10:11:20,ASK,12.88,2800
929,2016-08-18 10:11:20,ASK,12.88,3200
930,2016-08-18 10:11:20,TRADE,12.88,1500
931,2016-08-18 10:11:20,ASK,12.88,1700
932,2016-08-18 10:11:21,TRADE,12.87,100
933,2016-08-18 10:11:21,BID,12.87,75900
934,2016-08-18 10:11:21,TRADE,12.88,1000
935,2016-08-18 10:11:21,ASK,12.88,700
936,2016-08-18 10:11:25,BID,12.87,77900
937,2016-08-18 10:11:25,BID,12.87,78600
938,2016-08-18 10:11:26,ASK,12.88,4300
939,2016-08-18 10:11:26,BID,12.87,72600
940,2016-08-18 10:11:26,BID,12.87,68000
941,2016-08-18 10:11:26,ASK,12.88,9300
942,2016-08-18 10:11:27,ASK,12.88,9600
943,2016-08-18 10:11:28,ASK,12.88,9900
944,2016-08-18 10:11:28,ASK,12.88,10400
945,2016-08-18 10:11:28,ASK,12.88,6800
946,2016-08-18 10:11:29,ASK,12.88,6300
947,2016-08-18 10:11:29,TRADE,12.88,300
948,2016-08-18 10:11:29,TRADE,12.88,400
949,2016-08-18 10:11:29,TRADE,12.88,1300
950,2016-08-18 10:11:29,ASK,12.88,4300
951,2016-08-18 10:11:29,ASK,12.88,4000
952,2016-08-18 10:11:29,ASK,12.88,4400
953,2016-08-18 10:11:29,ASK,12.88,4100
954,2016-08-18 10:11:31,ASK,12.88,5200
955,2016-08-18 10:11:31,BID,12.87,69000
956,2016-08-18 10:11:32,TRADE,12.88,2000
957,2016-08-18 10:11:32,ASK,12.88,3200
958,2016-08-18 10:11:32,ASK,12.88,1500
959,2016-08-18 10:11:32,ASK,12.88,5100
960,2016-08-18 10:11:32,ASK,12.88,5400
961,2016-08-18 10:11:32,ASK,12.88,5700
962,2016-08-18 10:11:32,ASK,12.88,7600
963,2016-08-18 10:11:32,ASK,12.88,8100
964,2016-08-18 10:11:33,ASK,12.88,4500
965,2016-08-18 10:11:34,TRADE,12.88,400
966,2016-08-18 10:11:34,TRADE,12.88,1100
967,2016-08-18 10:11:34,TRADE,12.88,300
968,2016-08-18 10:11:34,TRADE,12.88,300
969,2016-08-18 10:11:34,TRADE,12.88,1900
970,2016-08-18 10:11:34,TRADE,12.88,500
971,2016-08-18 10:11:34,ASK,12.89,42200
972,2016-08-18 10:11:34,TRADE,12.89,200
973,2016-08-18 10:11:34,TRADE,12.89,400
974,2016-08-18 10:11:34,TRADE,12.89,400
975,2016-08-18 10:11:34,TRADE,12.89,1700
975,2016-08-18 10:11:34,ASK,12.89,39500
976,2016-08-18 10:11:34,ASK,12.88,400
977,2016-08-18 10:11:34,ASK,12.88,4000
978,2016-08-18 10:11:34,BID,12.87,81500
979,2016-08-18 10:11:35,BID,12.87,81700
980,2016-08-18 10:11:35,TRADE,12.87,100
981,2016-08-18 10:11:35,BID,12.87,81600
982,2016-08-18 10:11:35,ASK,12.88,400
983,2016-08-18 10:11:37,TRADE,12.88,400
984,2016-08-18 10:11:37,ASK,12.89,26900
985,2016-08-18 10:11:37,TRADE,12.89,400
985,2016-08-18 10:11:37,ASK,12.89,26500
986,2016-08-18 10:11:37,BID,12.87,69100
987,2016-08-18 10:11:37,ASK,12.88,400
988,2016-08-18 10:11:37,BID,12.87,74100
989,2016-08-18 10:11:38,BID,12.87,78700
990,2016-08-18 10:11:38,BID,12.87,84700
991,2016-08-18 10:11:39,TRADE,12.88,400
992,2016-08-18 10:11:39,BID,12.88,1200
993,2016-08-18 10:11:39,ASK,12.89,25000
994,2016-08-18 10:11:39,TRADE,12.88,1200
995,2016-08-18 10:11:39,BID,12.87,84700
996,2016-08-18 10:11:39,ASK,12.88,400
1000,2016-08-18 10:11:39,BID,12.87,84500
1003,2016-08-18 10:11:39,BID,12.87,84600
1004,2016-08-18 10:11:39,BID,12.87,85800
1005,2016-08-18 10:11:41,ASK,12.88,4000
1006,2016-08-18 10:11:41,ASK,12.88,400
1007,2016-08-18 10:11:41,TRADE,12.88,400
1008,2016-08-18 10:11:41,BID,12.88,36000
1009,2016-08-18 10:11:41,ASK,12.89,28500
1010,2016-08-18 10:11:41,TRADE,12.88,2000
1011,2016-08-18 10:11:41,BID,12.88,34000
1012,2016-08-18 10:11:41,TRADE,12.88,34000
1013,2016-08-18 10:11:41,BID,12.87,49400
1014,2016-08-18 10:11:41,ASK,12.88,5000
1015,2016-08-18 10:11:41,ASK,12.88,5400
1016,2016-08-18 10:11:41,ASK,12.88,5900
1017,2016-08-18 10:11:41,ASK,12.88,6200
1018,2016-08-18 10:11:41,ASK,12.88,6500
1019,2016-08-18 10:11:41,ASK,12.88,8300
1020,2016-08-18 10:11:41,ASK,12.88,10400
1021,2016-08-18 10:11:41,BID,12.87,49300
1022,2016-08-18 10:11:41,BID,12.87,48800
1023,2016-08-18 10:11:41,BID,12.87,48600
1024,2016-08-18 10:11:41,BID,12.87,48500
1025,2016-08-18 10:11:44,BID,12.87,58500
1026,2016-08-18 10:11:44,TRADE,12.88,600
1027,2016-08-18 10:11:44,ASK,12.88,9800
1028,2016-08-18 10:11:44,ASK,12.88,9300
1029,2016-08-18 10:11:44,ASK,12.88,10100
1030,2016-08-18 10:11:44,ASK,12.88,10600
1031,2016-08-18 10:11:45,TRADE,12.88,900
1032,2016-08-18 10:11:45,ASK,12.88,9700
1033,2016-08-18 10:11:45,ASK,12.88,9200
1034,2016-08-18 10:11:45,ASK,12.88,9700
1035,2016-08-18 10:11:46,ASK,12.88,9400
1036,2016-08-18 10:11:46,ASK,12.88,14400
1037,2016-08-18 10:11:47,TRADE,12.88,500
1038,2016-08-18 10:11:47,ASK,12.88,13900
1039,2016-08-18 10:11:48,TRADE,12.88,3000
1040,2016-08-18 10:11:48,ASK,12.88,10900
1041,2016-08-18 10:11:49,ASK,12.88,11900
1042,2016-08-18 10:11:49,ASK,12.88,14900
1043,2016-08-18 10:11:49,BID,12.87,63500
1044,2016-08-18 10:11:49,ASK,12.88,11900
1045,2016-08-18 10:11:50,BID,12.87,63600
1046,2016-08-18 10:11:51,ASK,12.88,21900
1047,2016-08-18 10:11:51,ASK,12.88,26900
1048,2016-08-18 10:11:52,TRADE,12.88,400
1049,2016-08-18 10:11:52,TRADE,12.88,300
1050,2016-08-18 10:11:52,TRADE,12.88,1800
1051,2016-08-18 10:11:52,TRADE,12.88,2100
1052,2016-08-18 10:11:52,TRADE,12.88,800
1053,2016-08-18 10:11:52,TRADE,12.88,500
1054,2016-08-18 10:11:52,TRADE,12.88,100
1055,2016-08-18 10:11:52,ASK,12.88,20900
1056,2016-08-18 10:11:52,ASK,12.88,15900
1057,2016-08-18 10:11:52,ASK,12.88,16700
1058,2016-08-18 10:11:52,ASK,12.88,17200
1059,2016-08-18 10:11:52,ASK,12.88,16400
1060,2016-08-18 10:11:53,ASK,12.88,28700
1061,2016-08-18 10:11:53,ASK,12.88,33700
1062,2016-08-18 10:11:53,BID,12.87,63500
1063,2016-08-18 10:11:53,TRADE,12.87,400
1064,2016-08-18 10:11:53,TRADE,12.87,400
1065,2016-08-18 10:11:53,BID,12.87,66700
1066,2016-08-18 10:11:53,ASK,12.88,35900
1067,2016-08-18 10:11:53,ASK,12.88,35400
1068,2016-08-18 10:11:53,ASK,12.88,35900
1069,2016-08-18 10:11:53,BID,12.87,66800
1070,2016-08-18 10:11:53,ASK,12.88,45900
1071,2016-08-18 10:11:54,TRADE,12.88,4900
1072,2016-08-18 10:11:54,TRADE,12.88,1000
1073,2016-08-18 10:11:54,TRADE,12.88,4900
1074,2016-08-18 10:11:54,ASK,12.88,35100
1075,2016-08-18 10:11:54,ASK,12.88,30100
1076,2016-08-18 10:11:54,BID,12.87,60800
1077,2016-08-18 10:11:54,BID,12.87,56200
1078,2016-08-18 10:11:54,ASK,12.88,35100
1079,2016-08-18 10:11:54,TRADE,12.88,5100
1080,2016-08-18 10:11:54,TRADE,12.88,4900
1081,2016-08-18 10:11:54,ASK,12.88,25100
1082,2016-08-18 10:11:54,ASK,12.88,20100
1083,2016-08-18 10:11:55,BID,12.87,56600
1084,2016-08-18 10:11:56,ASK,12.88,20400
1085,2016-08-18 10:11:56,BID,12.87,56100
1086,2016-08-18 10:11:56,ASK,12.88,25400
1087,2016-08-18 10:11:56,BID,12.87,55800
1088,2016-08-18 10:11:57,TRADE,12.88,2900
1089,2016-08-18 10:11:57,ASK,12.88,22500
1090,2016-08-18 10:11:57,BID,12.87,60400
1091,2016-08-18 10:11:57,TRADE,12.88,1000
1092,2016-08-18 10:11:57,ASK,12.88,21500
1093,2016-08-18 10:11:57,ASK,12.88,16500
1094,2016-08-18 10:11:57,BID,12.87,66400
1095,2016-08-18 10:11:58,TRADE,12.87,5100
1096,2016-08-18 10:11:58,TRADE,12.87,5000
1097,2016-08-18 10:11:58,TRADE,12.87,300
1098,2016-08-18 10:11:58,TRADE,12.87,700
1099,2016-08-18 10:11:58,TRADE,12.87,2900
1100,2016-08-18 10:11:58,BID,12.87,57900
1101,2016-08-18 10:11:58,ASK,12.88,21500
1102,2016-08-18 10:11:58,ASK,12.88,21000
1103,2016-08-18 10:11:58,BID,12.87,58400
1104,2016-08-18 10:11:58,BID,12.87,57900
1105,2016-08-18 10:11:58,ASK,12.88,21500
1106,2016-08-18 10:11:58,ASK,12.88,22300
1107,2016-08-18 10:11:58,ASK,12.88,21500
1108,2016-08-18 10:11:59,BID,12.87,58100
1109,2016-08-18 10:12:00,TRADE,12.88,3500
1110,2016-08-18 10:12:00,TRADE,12.88,2200
1111,2016-08-18 10:12:00,TRADE,12.88,2300
1112,2016-08-18 10:12:00,ASK,12.88,13500
1113,2016-08-18 10:12:00,ASK,12.88,8500
1114,2016-08-18 10:12:00,ASK,12.88,8800
1115,2016-08-18 10:12:00,ASK,12.88,9200
1116,2016-08-18 10:12:00,ASK,12.88,9500
1117,2016-08-18 10:12:00,ASK,12.88,14500
1118,2016-08-18 10:12:01,BID,12.87,58200
1119,2016-08-18 10:12:03,BID,12.87,58700
1120,2016-08-18 10:12:03,ASK,12.88,15500
1121,2016-08-18 10:12:03,TRADE,12.88,7000
1122,2016-08-18 10:12:03,ASK,12.88,8500
1123,2016-08-18 10:12:03,ASK,12.88,3500
1124,2016-08-18 10:12:03,BID,12.87,59200
1125,2016-08-18 10:12:03,ASK,12.88,3200
1126,2016-08-18 10:12:03,ASK,12.88,7800
1127,2016-08-18 10:12:03,ASK,12.88,7500
1128,2016-08-18 10:12:04,ASK,12.88,2900
1129,2016-08-18 10:12:05,ASK,12.88,10900
1130,2016-08-18 10:12:05,TRADE,12.88,100
1131,2016-08-18 10:12:05,ASK,12.88,10800
1132,2016-08-18 10:12:05,BID,12.87,59300
1133,2016-08-18 10:12:05,ASK,12.88,15400
1134,2016-08-18 10:12:06,ASK,12.88,10800
1135,2016-08-18 10:12:08,BID,12.87,53300
1136,2016-08-18 10:12:08,BID,12.87,48700
1137,2016-08-18 10:12:08,ASK,12.88,15800
1138,2016-08-18 10:12:08,BID,12.87,50500
1139,2016-08-18 10:12:10,ASK,12.88,15900
1140,2016-08-18 10:12:11,TRADE,12.87,3900
1141,2016-08-18 10:12:11,TRADE,12.87,2000
1142,2016-08-18 10:12:11,TRADE,12.87,5500
1143,2016-08-18 10:12:11,TRADE,12.87,1000
1144,2016-08-18 10:12:11,TRADE,12.87,2000
1145,2016-08-18 10:12:11,TRADE,12.87,700
1146,2016-08-18 10:12:11,TRADE,12.87,1000
1147,2016-08-18 10:12:11,TRADE,12.87,5000
1148,2016-08-18 10:12:11,TRADE,12.87,1200
1149,2016-08-18 10:12:11,TRADE,12.87,10000
1150,2016-08-18 10:12:11,TRADE,12.87,5000
1151,2016-08-18 10:12:11,TRADE,12.87,2700
1152,2016-08-18 10:12:11,BID,12.87,22800
1153,2016-08-18 10:12:11,BID,12.87,27800
1154,2016-08-18 10:12:11,BID,12.87,27300
1155,2016-08-18 10:12:12,ASK,12.88,28400
1156,2016-08-18 10:12:12,TRADE,12.88,300
1157,2016-08-18 10:12:12,ASK,12.88,28100
1158,2016-08-18 10:12:12,ASK,12.88,30100
1159,2016-08-18 10:12:13,TRADE,12.88,300
1160,2016-08-18 10:12:13,TRADE,12.88,300
1161,2016-08-18 10:12:13,TRADE,12.88,500
1162,2016-08-18 10:12:13,TRADE,12.88,400
1163,2016-08-18 10:12:13,TRADE,12.88,1000
1164,2016-08-18 10:12:13,TRADE,12.88,6100
1165,2016-08-18 10:12:13,ASK,12.88,21500
1166,2016-08-18 10:12:13,ASK,12.88,9000
1167,2016-08-18 10:12:13,ASK,12.88,9300
1168,2016-08-18 10:12:13,ASK,12.88,13900
1169,2016-08-18 10:12:13,BID,12.87,29800
1170,2016-08-18 10:12:13,TRADE,12.88,200
1171,2016-08-18 10:12:13,ASK,12.88,13700
1172,2016-08-18 10:12:15,TRADE,12.88,200
1173,2016-08-18 10:12:15,ASK,12.88,13500
1174,2016-08-18 10:12:17,TRADE,12.87,1300
1175,2016-08-18 10:12:17,TRADE,12.87,100
1176,2016-08-18 10:12:17,TRADE,12.87,400
1177,2016-08-18 10:12:17,TRADE,12.87,1400
1178,2016-08-18 10:12:17,BID,12.87,26600
1179,2016-08-18 10:12:22,BID,12.87,26800
1180,2016-08-18 10:12:22,ASK,12.88,8900
1181,2016-08-18 10:12:22,ASK,12.88,9200
1182,2016-08-18 10:12:22,ASK,12.88,9600
1183,2016-08-18 10:12:23,TRADE,12.87,4100
1184,2016-08-18 10:12:23,TRADE,12.87,200
1185,2016-08-18 10:12:23,TRADE,12.87,100
1186,2016-08-18 10:12:23,TRADE,12.87,500
1187,2016-08-18 10:12:23,TRADE,12.87,100
1188,2016-08-18 10:12:23,TRADE,12.87,1000
1189,2016-08-18 10:12:23,BID,12.87,26300
1190,2016-08-18 10:12:23,ASK,12.88,14200
1191,2016-08-18 10:12:23,BID,12.87,26400
1192,2016-08-18 10:12:24,TRADE,12.87,600
1193,2016-08-18 10:12:24,BID,12.87,25800
1194,2016-08-18 10:12:25,TRADE,12.88,1500
1195,2016-08-18 10:12:25,TRADE,12.88,5000
1196,2016-08-18 10:12:25,TRADE,12.88,100
1197,2016-08-18 10:12:25,TRADE,12.88,2000
1198,2016-08-18 10:12:25,TRADE,12.88,300
1199,2016-08-18 10:12:25,TRADE,12.88,300
1200,2016-08-18 10:12:25,TRADE,12.88,400
1201,2016-08-18 10:12:25,TRADE,12.88,400
1202,2016-08-18 10:12:25,ASK,12.88,4200
1203,2016-08-18 10:12:25,ASK,12.88,4600
1204,2016-08-18 10:12:25,ASK,12.88,9600
1205,2016-08-18 10:12:25,ASK,12.88,9900
1206,2016-08-18 10:12:25,ASK,12.88,10200
1207,2016-08-18 10:12:25,BID,12.87,26300
1208,2016-08-18 10:12:25,TRADE,12.87,200
1209,2016-08-18 10:12:25,TRADE,12.87,600
1210,2016-08-18 10:12:25,BID,12.87,25500
1211,2016-08-18 10:12:27,BID,12.87,25600
1212,2016-08-18 10:12:29,TRADE,12.88,4200
1213,2016-08-18 10:12:29,TRADE,12.88,400
1214,2016-08-18 10:12:29,TRADE,12.88,3200
1215,2016-08-18 10:12:29,ASK,12.88,2400
1216,2016-08-18 10:12:29,BID,12.87,26100
1217,2016-08-18 10:12:29,ASK,12.88,600
1218,2016-08-18 10:12:29,ASK,12.88,300
1219,2016-08-18 10:12:29,ASK,12.89,35900
1220,2016-08-18 10:12:29,ASK,12.88,4600
1221,2016-08-18 10:12:29,ASK,12.88,4900
1222,2016-08-18 10:12:29,BID,12.87,26200
1223,2016-08-18 10:12:29,ASK,12.88,300
1224,2016-08-18 10:12:30,TRADE,12.88,300
1225,2016-08-18 10:12:30,BID,12.88,5100
1226,2016-08-18 10:12:30,ASK,12.89,22500
1227,2016-08-18 10:12:30,ASK,12.89,27300
1228,2016-08-18 10:12:30,BID,12.88,10100
1229,2016-08-18 10:12:30,ASK,12.89,26800
1231,2016-08-18 10:12:31,BID,12.88,15100
1232,2016-08-18 10:12:31,ASK,12.89,28400
1233,2016-08-18 10:12:31,ASK,12.89,26900
1234,2016-08-18 10:12:31,TRADE,12.89,2000
1235,2016-08-18 10:12:31,TRADE,12.89,200
1236,2016-08-18 10:12:31,TRADE,12.89,6800
1237,2016-08-18 10:12:31,ASK,12.89,17900
1238,2016-08-18 10:12:31,BID,12.88,34800
1239,2016-08-18 10:12:31,TRADE,12.88,2000
1240,2016-08-18 10:12:31,BID,12.88,32800
1241,2016-08-18 10:12:31,TRADE,12.88,1000
1242,2016-08-18 10:12:31,BID,12.88,31800
1243,2016-08-18 10:12:32,BID,12.88,32300
1244,2016-08-18 10:12:32,ASK,12.89,18900
1245,2016-08-18 10:12:32,ASK,12.89,19900
1246,2016-08-18 10:12:32,ASK,12.89,20900
1247,2016-08-18 10:12:33,TRADE,12.89,1200
1248,2016-08-18 10:12:33,TRADE,12.89,500
1249,2016-08-18 10:12:33,TRADE,12.89,100
1250,2016-08-18 10:12:33,TRADE,12.89,5000
1251,2016-08-18 10:12:33,TRADE,12.89,100
1252,2016-08-18 10:12:33,TRADE,12.89,300
1253,2016-08-18 10:12:33,TRADE,12.89,400
1254,2016-08-18 10:12:33,ASK,12.89,13300
1255,2016-08-18 10:12:34,BID,12.88,32400
1256,2016-08-18 10:12:34,ASK,12.89,11700
1257,2016-08-18 10:12:38,TRADE,12.88,1000
1258,2016-08-18 10:12:38,BID,12.88,31400
1259,2016-08-18 10:12:39,ASK,12.89,11400
1260,2016-08-18 10:12:39,ASK,12.89,10600
1261,2016-08-18 10:12:39,ASK,12.89,11500
1262,2016-08-18 10:12:41,TRADE,12.89,2800
1263,2016-08-18 10:12:41,TRADE,12.89,4800
1264,2016-08-18 10:12:41,TRADE,12.89,1000
1265,2016-08-18 10:12:41,TRADE,12.89,1000
1266,2016-08-18 10:12:41,TRADE,12.89,1000
1267,2016-08-18 10:12:41,TRADE,12.89,900
1268,2016-08-18 10:12:41,ASK,12.9,183500
1269,2016-08-18 10:12:41,ASK,12.9,183400
1270,2016-08-18 10:12:41,ASK,12.9,170900
1272,2016-08-18 10:12:41,ASK,12.9,171900
1273,2016-08-18 10:12:41,ASK,12.9,172900
1274,2016-08-18 10:12:41,ASK,12.89,1000
1275,2016-08-18 10:12:41,ASK,12.89,5600
1276,2016-08-18 10:12:41,ASK,12.89,6600
1277,2016-08-18 10:12:41,ASK,12.89,6900
1278,2016-08-18 10:12:41,ASK,12.89,7900
1279,2016-08-18 10:12:41,ASK,12.89,9400
1280,2016-08-18 10:12:42,TRADE,12.89,1000
1281,2016-08-18 10:12:42,TRADE,12.89,4600
1282,2016-08-18 10:12:42,TRADE,12.89,1000
1283,2016-08-18 10:12:42,TRADE,12.89,300
1284,2016-08-18 10:12:42,TRADE,12.89,1000
1285,2016-08-18 10:12:42,TRADE,12.89,1500
1286,2016-08-18 10:12:42,ASK,12.9,171900
1287,2016-08-18 10:12:42,BID,12.88,31900
1288,2016-08-18 10:12:42,ASK,12.89,4600
1289,2016-08-18 10:12:42,ASK,12.89,5600
1290,2016-08-18 10:12:42,ASK,12.89,6600
1291,2016-08-18 10:12:42,ASK,12.89,7600
1292,2016-08-18 10:12:42,ASK,12.89,7900
1293,2016-08-18 10:12:42,ASK,12.89,6900
1294,2016-08-18 10:12:42,ASK,12.89,7900
1295,2016-08-18 10:12:42,ASK,12.89,8600
1296,2016-08-18 10:12:42,ASK,12.89,8900
1297,2016-08-18 10:12:43,TRADE,12.89,4600
1298,2016-08-18 10:12:43,TRADE,12.89,1000
1299,2016-08-18 10:12:43,TRADE,12.89,1000
1300,2016-08-18 10:12:43,TRADE,12.89,300
1301,2016-08-18 10:12:43,TRADE,12.89,1000
1302,2016-08-18 10:12:43,TRADE,12.89,700
1303,2016-08-18 10:12:43,TRADE,12.89,300
1304,2016-08-18 10:12:43,ASK,12.9,183500
1305,2016-08-18 10:12:43,ASK,12.9,183400
1306,2016-08-18 10:12:43,ASK,12.9,170900
1307,2016-08-18 10:12:43,ASK,12.89,4600
1308,2016-08-18 10:12:43,ASK,12.89,5600
1309,2016-08-18 10:12:43,ASK,12.89,6600
1310,2016-08-18 10:12:43,ASK,12.89,7600
1311,2016-08-18 10:12:43,ASK,12.89,6600
1312,2016-08-18 10:12:43,ASK,12.89,6700
1313,2016-08-18 10:12:43,ASK,12.89,7000
1314,2016-08-18 10:12:43,BID,12.88,32200
1315,2016-08-18 10:12:44,TRADE,12.89,4600
1316,2016-08-18 10:12:44,TRADE,12.89,1000
1317,2016-08-18 10:12:44,TRADE,12.89,1000
1318,2016-08-18 10:12:44,TRADE,12.89,100
1319,2016-08-18 10:12:44,TRADE,12.89,300
1320,2016-08-18 10:12:44,ASK,12.9,183500
1321,2016-08-18 10:12:44,ASK,12.9,183400
1322,2016-08-18 10:12:44,ASK,12.9,170900
1323,2016-08-18 10:12:44,ASK,12.89,4600
1324,2016-08-18 10:12:44,ASK,12.89,5600
1325,2016-08-18 10:12:44,ASK,12.89,6600
1326,2016-08-18 10:12:44,ASK,12.89,6900
1327,2016-08-18 10:12:45,TRADE,12.89,4600
1328,2016-08-18 10:12:45,TRADE,12.89,1000
1329,2016-08-18 10:12:45,TRADE,12.89,1000
1330,2016-08-18 10:12:45,TRADE,12.89,300
1331,2016-08-18 10:12:45,ASK,12.9,171900
1332,2016-08-18 10:12:45,ASK,12.89,4600
1333,2016-08-18 10:12:45,ASK,12.89,5600
1334,2016-08-18 10:12:45,ASK,12.89,6600
1335,2016-08-18 10:12:45,ASK,12.89,6900
1336,2016-08-18 10:12:45,ASK,12.89,7000
1337,2016-08-18 10:12:45,ASK,12.89,6000
1338,2016-08-18 10:12:45,ASK,12.89,6300
1339,2016-08-18 10:12:46,BID,12.88,32300
1340,2016-08-18 10:12:46,TRADE,12.89,4600
1341,2016-08-18 10:12:46,TRADE,12.89,1000
1342,2016-08-18 10:12:46,TRADE,12.89,300
1343,2016-08-18 10:12:46,TRADE,12.89,100
1344,2016-08-18 10:12:46,TRADE,12.89,300
1345,2016-08-18 10:12:46,ASK,12.9,184500
1346,2016-08-18 10:12:46,ASK,12.89,300
1347,2016-08-18 10:12:46,ASK,12.9,171900
1348,2016-08-18 10:12:46,ASK,12.89,1000
1349,2016-08-18 10:12:46,BID,12.88,32600
1350,2016-08-18 10:12:46,TRADE,12.89,1000
1351,2016-08-18 10:12:46,BID,12.89,29000
1352,2016-08-18 10:12:46,ASK,12.9,171900
1353,2016-08-18 10:12:46,BID,12.89,34000
1354,2016-08-18 10:12:46,TRADE,12.89,100
1355,2016-08-18 10:12:46,BID,12.89,33900
1356,2016-08-18 10:12:46,TRADE,12.89,100
1357,2016-08-18 10:12:46,BID,12.89,33800
1358,2016-08-18 10:12:46,TRADE,12.89,1000
1359,2016-08-18 10:12:46,BID,12.89,32800
1360,2016-08-18 10:12:46,TRADE,12.89,27800
1361,2016-08-18 10:12:46,TRADE,12.89,5000
1362,2016-08-18 10:12:46,BID,12.88,32600
1363,2016-08-18 10:12:46,ASK,12.89,5000
1364,2016-08-18 10:12:46,ASK,12.89,7000
1365,2016-08-18 10:12:46,ASK,12.89,8000
1366,2016-08-18 10:12:46,ASK,12.89,8300
1367,2016-08-18 10:12:46,ASK,12.89,8800
1368,2016-08-18 10:12:46,TRADE,12.88,200
1369,2016-08-18 10:12:46,BID,12.88,32400
1370,2016-08-18 10:12:46,ASK,12.89,7800
1371,2016-08-18 10:12:46,ASK,12.89,9800
1372,2016-08-18 10:12:46,TRADE,12.88,900
1373,2016-08-18 10:12:46,TRADE,12.88,100
1374,2016-08-18 10:12:46,BID,12.88,31400
1375,2016-08-18 10:12:46,ASK,12.89,9300
1376,2016-08-18 10:12:46,ASK,12.89,9400
1377,2016-08-18 10:12:46,ASK,12.89,9500
1378,2016-08-18 10:12:46,ASK,12.89,11300
1379,2016-08-18 10:12:46,ASK,12.89,11400
1380,2016-08-18 10:12:46,TRADE,12.88,800
1381,2016-08-18 10:12:46,BID,12.88,30600
1382,2016-08-18 10:12:46,ASK,12.89,12400
1383,2016-08-18 10:12:47,TRADE,12.89,5000
1384,2016-08-18 10:12:47,TRADE,12.89,2000
1385,2016-08-18 10:12:47,TRADE,12.89,300
1386,2016-08-18 10:12:47,TRADE,12.89,2000
1387,2016-08-18 10:12:47,TRADE,12.89,100
1388,2016-08-18 10:12:47,TRADE,12.89,100
1389,2016-08-18 10:12:47,TRADE,12.89,1800
1390,2016-08-18 10:12:47,TRADE,12.89,100
1391,2016-08-18 10:12:47,TRADE,12.89,1000
1392,2016-08-18 10:12:47,ASK,12.9,171900
1393,2016-08-18 10:12:47,ASK,12.89,4600
1394,2016-08-18 10:12:47,ASK,12.89,5600
1395,2016-08-18 10:12:47,TRADE,12.89,1000
1396,2016-08-18 10:12:47,ASK,12.89,4600
1397,2016-08-18 10:12:47,TRADE,12.89,3600
1398,2016-08-18 10:12:47,TRADE,12.89,1000
1399,2016-08-18 10:12:47,BID,12.89,30400
1400,2016-08-18 10:12:47,ASK,12.9,184500
1401,2016-08-18 10:12:47,ASK,12.9,184400
1402,2016-08-18 10:12:47,BID,12.89,35400
1403,2016-08-18 10:12:47,ASK,12.9,171900
1404,2016-08-18 10:12:47,TRADE,12.89,4600
1405,2016-08-18 10:12:47,BID,12.89,30800
1406,2016-08-18 10:12:47,BID,12.89,25800
1407,2016-08-18 10:12:47,TRADE,12.89,1000
1408,2016-08-18 10:12:47,BID,12.89,24800
1409,2016-08-18 10:12:47,TRADE,12.89,2000
1410,2016-08-18 10:12:47,BID,12.89,22800
1411,2016-08-18 10:12:47,TRADE,12.89,1000
1412,2016-08-18 10:12:47,BID,12.89,21800
1413,2016-08-18 10:12:47,TRADE,12.89,2000
1414,2016-08-18 10:12:47,BID,12.89,19800
1415,2016-08-18 10:12:47,TRADE,12.89,2000
1416,2016-08-18 10:12:47,BID,12.89,17800
1417,2016-08-18 10:12:47,TRADE,12.89,17800
1418,2016-08-18 10:12:47,BID,12.88,30600
1419,2016-08-18 10:12:47,ASK,12.89,5000
1420,2016-08-18 10:12:47,ASK,12.89,5300
1421,2016-08-18 10:12:47,ASK,12.89,6300
1422,2016-08-18 10:12:47,ASK,12.89,7300
1423,2016-08-18 10:12:47,ASK,12.89,7600
1424,2016-08-18 10:12:47,ASK,12.89,9600
1425,2016-08-18 10:12:47,TRADE,12.88,1000
1426,2016-08-18 10:12:47,BID,12.88,29600
1427,2016-08-18 10:12:47,ASK,12.89,8600
1428,2016-08-18 10:12:47,TRADE,12.88,1000
1429,2016-08-18 10:12:47,BID,12.88,28600
1430,2016-08-18 10:12:47,ASK,12.89,7600
1431,2016-08-18 10:12:47,ASK,12.89,8600
1432,2016-08-18 10:12:47,BID,12.88,28100
1433,2016-08-18 10:12:47,BID,12.88,28000
1434,2016-08-18 10:12:47,BID,12.88,27700
1435,2016-08-18 10:12:47,BID,12.88,27600
1436,2016-08-18 10:12:47,TRADE,12.88,900
1437,2016-08-18 10:12:47,BID,12.88,26700
1438,2016-08-18 10:12:47,BID,12.88,27600
1441,2016-08-18 10:12:48,TRADE,12.89,5000
1442,2016-08-18 10:12:48,TRADE,12.89,300
1443,2016-08-18 10:12:48,TRADE,12.89,300
1444,2016-08-18 10:12:48,TRADE,12.89,2000
1445,2016-08-18 10:12:48,TRADE,12.89,1000
1446,2016-08-18 10:12:48,ASK,12.9,170400
1447,2016-08-18 10:12:48,ASK,12.89,300
1448,2016-08-18 10:12:48,ASK,12.9,170400
1449,2016-08-18 10:12:48,ASK,12.89,1000
1453,2016-08-18 10:12:48,ASK,12.89,1300
1454,2016-08-18 10:12:49,TRADE,12.89,1000
1455,2016-08-18 10:12:49,TRADE,12.89,300
1456,2016-08-18 10:12:49,ASK,12.9,183900
1457,2016-08-18 10:12:49,TRADE,12.9,5800
1457,2016-08-18 10:12:49,ASK,12.9,178100
1458,2016-08-18 10:12:49,TRADE,12.9,100
1459,2016-08-18 10:12:49,TRADE,12.9,5600
1460,2016-08-18 10:12:49,TRADE,12.9,1000
1461,2016-08-18 10:12:49,TRADE,12.9,100
1462,2016-08-18 10:12:49,TRADE,12.9,1000
1463,2016-08-18 10:12:49,TRADE,12.9,100
1464,2016-08-18 10:12:49,TRADE,12.9,200
1465,2016-08-18 10:12:49,ASK,12.9,170000
1466,2016-08-18 10:12:49,ASK,12.89,300
1467,2016-08-18 10:12:49,TRADE,12.89,300
1468,2016-08-18 10:12:49,ASK,12.9,170000
1469,2016-08-18 10:12:49,ASK,12.9,157500
1470,2016-08-18 10:12:49,ASK,12.89,1000
1471,2016-08-18 10:12:49,BID,12.88,40100
1472,2016-08-18 10:12:49,TRADE,12.89,1000
1473,2016-08-18 10:12:49,ASK,12.9,157500
1474,2016-08-18 10:12:49,BID,12.89,5000
1475,2016-08-18 10:12:49,TRADE,12.89,100
1476,2016-08-18 10:12:49,BID,12.89,4900
1477,2016-08-18 10:12:49,TRADE,12.89,1000
1478,2016-08-18 10:12:49,BID,12.89,3900
1479,2016-08-18 10:12:49,TRADE,12.89,1000
1480,2016-08-18 10:12:49,BID,12.89,2900
1481,2016-08-18 10:12:49,TRADE,12.89,1000
1482,2016-08-18 10:12:49,BID,12.89,1900
1483,2016-08-18 10:12:49,BID,12.88,40100
1485,2016-08-18 10:12:49,ASK,12.89,1000
1486,2016-08-18 10:12:49,ASK,12.89,3000
1488,2016-08-18 10:12:49,ASK,12.89,3300
1489,2016-08-18 10:12:49,TRADE,12.88,1200
1490,2016-08-18 10:12:49,TRADE,12.88,300
1491,2016-08-18 10:12:49,BID,12.88,38600
1492,2016-08-18 10:12:49,BID,12.88,43600
1493,2016-08-18 10:12:50,TRADE,12.89,300
1494,2016-08-18 10:12:50,ASK,12.89,3000
1495,2016-08-18 10:12:50,BID,12.88,43800
1496,2016-08-18 10:12:50,TRADE,12.89,700
1497,2016-08-18 10:12:50,TRADE,12.89,300
1498,2016-08-18 10:12:50,ASK,12.89,2000
1499,2016-08-18 10:12:50,ASK,12.89,3000
1500,2016-08-18 10:12:50,TRADE,12.89,1700
1501,2016-08-18 10:12:50,TRADE,12.89,300
1502,2016-08-18 10:12:50,TRADE,12.89,1000
1503,2016-08-18 10:12:50,ASK,12.9,157600
1504,2016-08-18 10:12:50,BID,12.88,31300
1506,2016-08-18 10:12:50,ASK,12.89,1000
1508,2016-08-18 10:12:50,ASK,12.9,158600
1510,2016-08-18 10:12:51,TRADE,12.9,100
1511,2016-08-18 10:12:51,TRADE,12.9,200
1512,2016-08-18 10:12:51,TRADE,12.9,800
1513,2016-08-18 10:12:51,TRADE,12.9,300
1514,2016-08-18 10:12:51,TRADE,12.9,9400
1515,2016-08-18 10:12:51,TRADE,12.9,1500
1516,2016-08-18 10:12:51,TRADE,12.9,100
1517,2016-08-18 10:12:51,TRADE,12.9,500
1518,2016-08-18 10:12:51,TRADE,12.9,1000
1519,2016-08-18 10:12:51,TRADE,12.9,2500
1520,2016-08-18 10:12:51,TRADE,12.9,2400
1521,2016-08-18 10:12:51,TRADE,12.9,600
1522,2016-08-18 10:12:51,TRADE,12.9,200
1523,2016-08-18 10:12:51,TRADE,12.9,200
1524,2016-08-18 10:12:51,TRADE,12.9,200
1525,2016-08-18 10:12:51,TRADE,12.9,2300
1526,2016-08-18 10:12:51,TRADE,12.9,10000
1527,2016-08-18 10:12:51,TRADE,12.9,400
1528,2016-08-18 10:12:51,TRADE,12.9,110000
1529,2016-08-18 10:12:51,TRADE,12.9,400
1530,2016-08-18 10:12:51,TRADE,12.9,10000
1531,2016-08-18 10:12:51,TRADE,12.9,1500
1532,2016-08-18 10:12:51,TRADE,12.9,200
1533,2016-08-18 10:12:51,TRADE,12.9,500
1534,2016-08-18 10:12:51,TRADE,12.9,100
1535,2016-08-18 10:12:51,TRADE,12.9,800
1536,2016-08-18 10:12:51,TRADE,12.9,1000
1537,2016-08-18 10:12:51,TRADE,12.9,400
1538,2016-08-18 10:12:51,TRADE,12.9,1000
1539,2016-08-18 10:12:51,ASK,12.91,27700
1540,2016-08-18 10:12:51,BID,12.89,500
1541,2016-08-18 10:12:51,BID,12.89,800
1542,2016-08-18 10:12:51,BID,12.89,1100
1543,2016-08-18 10:12:51,BID,12.89,1500
1544,2016-08-18 10:12:51,ASK,12.91,27600
1545,2016-08-18 10:12:51,BID,12.9,300
1546,2016-08-18 10:12:51,ASK,12.91,15100
1547,2016-08-18 10:12:51,BID,12.9,5300
1548,2016-08-18 10:12:51,TRADE,12.9,300
1549,2016-08-18 10:12:51,TRADE,12.9,4300
1550,2016-08-18 10:12:51,BID,12.9,700
1551,2016-08-18 10:12:51,BID,12.9,1100
1552,2016-08-18 10:12:51,BID,12.9,1400
1553,2016-08-18 10:12:51,BID,12.9,1000
1554,2016-08-18 10:12:51,ASK,12.91,19700
1555,2016-08-18 10:12:51,ASK,12.91,20700
1556,2016-08-18 10:12:51,ASK,12.91,21700
1557,2016-08-18 10:12:51,TRADE,12.9,700
1558,2016-08-18 10:12:51,TRADE,12.9,300
1559,2016-08-18 10:12:51,BID,12.89,1500
1560,2016-08-18 10:12:51,BID,12.9,300
1561,2016-08-18 10:12:51,ASK,12.91,26700
1562,2016-08-18 10:12:51,TRADE,12.9,300
1563,2016-08-18 10:12:51,BID,12.89,1500
1564,2016-08-18 10:12:51,BID,12.89,6500
1565,2016-08-18 10:12:51,BID,12.9,5000
1566,2016-08-18 10:12:51,TRADE,12.9,300
1567,2016-08-18 10:12:51,BID,12.9,4700
1568,2016-08-18 10:12:51,BID,12.9,5000
1569,2016-08-18 10:12:51,ASK,12.91,27700
1570,2016-08-18 10:12:51,ASK,12.91,28700
1571,2016-08-18 10:12:51,ASK,12.91,24100
1572,2016-08-18 10:12:51,ASK,12.91,19100
1573,2016-08-18 10:12:51,BID,12.9,5400
1574,2016-08-18 10:12:51,ASK,12.91,18100
1579,2016-08-18 10:12:52,TRADE,12.9,100
1580,2016-08-18 10:12:52,BID,12.9,5300
1581,2016-08-18 10:12:52,ASK,12.91,23100
1582,2016-08-18 10:12:52,ASK,12.91,22100
1583,2016-08-18 10:12:52,TRADE,12.9,2000
1584,2016-08-18 10:12:52,BID,12.9,3300
1585,2016-08-18 10:12:52,TRADE,12.9,1000
1586,2016-08-18 10:12:52,BID,12.9,2300
1587,2016-08-18 10:12:52,ASK,12.91,21100
1588,2016-08-18 10:12:52,TRADE,12.9,1600
1589,2016-08-18 10:12:52,TRADE,12.9,300
1590,2016-08-18 10:12:52,TRADE,12.9,400
1591,2016-08-18 10:12:52,BID,12.89,19000
1592,2016-08-18 10:12:52,ASK,12.9,1000
1593,2016-08-18 10:12:52,TRADE,12.9,300
1594,2016-08-18 10:12:52,ASK,12.9,700
1595,2016-08-18 10:12:52,ASK,12.91,21100
1596,2016-08-18 10:12:52,ASK,12.9,1800
1597,2016-08-18 10:12:52,TRADE,12.9,500
1598,2016-08-18 10:12:52,ASK,12.9,1300
1599,2016-08-18 10:12:52,ASK,12.9,2300
1600,2016-08-18 10:12:52,ASK,12.9,3300
1601,2016-08-18 10:12:52,TRADE,12.89,500
1602,2016-08-18 10:12:52,TRADE,12.89,300
1603,2016-08-18 10:12:52,TRADE,12.89,200
1604,2016-08-18 10:12:52,BID,12.89,18000
1605,2016-08-18 10:12:52,ASK,12.9,2300
1606,2016-08-18 10:12:52,BID,12.89,18500
1607,2016-08-18 10:12:52,ASK,12.9,2600
1608,2016-08-18 10:12:52,TRADE,12.89,100
1609,2016-08-18 10:12:52,TRADE,12.89,400
1610,2016-08-18 10:12:52,TRADE,12.89,500
1611,2016-08-18 10:12:52,BID,12.89,17500
1612,2016-08-18 10:12:52,ASK,12.9,1600
1613,2016-08-18 10:12:52,ASK,12.9,2100
1614,2016-08-18 10:12:52,TRADE,12.89,1000
1615,2016-08-18 10:12:52,BID,12.89,16500
1617,2016-08-18 10:12:52,TRADE,12.9,300
1618,2016-08-18 10:12:52,ASK,12.9,1800
1619,2016-08-18 10:12:52,BID,12.89,17600
1620,2016-08-18 10:12:54,BID,12.89,17500
1622,2016-08-18 10:12:54,TRADE,12.9,100
1623,2016-08-18 10:12:54,ASK,12.9,1700
1624,2016-08-18 10:12:54,TRADE,12.89,600
1625,2016-08-18 10:12:54,BID,12.89,16900
1626,2016-08-18 10:12:54,TRADE,12.89,1700
1627,2016-08-18 10:12:54,BID,12.89,15200
1628,2016-08-18 10:12:54,BID,12.89,2700
1629,2016-08-18 10:12:54,BID,12.89,3100
1630,2016-08-18 10:12:54,BID,12.89,3400
1631,2016-08-18 10:12:54,ASK,12.9,6300
1632,2016-08-18 10:12:54,ASK,12.9,6600
1633,2016-08-18 10:12:54,ASK,12.9,7100
1634,2016-08-18 10:12:54,ASK,12.9,12100
1635,2016-08-18 10:12:55,ASK,12.9,13100
1636,2016-08-18 10:12:55,TRADE,12.9,900
1637,2016-08-18 10:12:55,TRADE,12.9,300
1638,2016-08-18 10:12:55,TRADE,12.9,500
1639,2016-08-18 10:12:55,TRADE,12.9,400
1640,2016-08-18 10:12:55,ASK,12.9,11000
1641,2016-08-18 10:12:55,ASK,12.9,10500
1642,2016-08-18 10:12:55,ASK,12.9,10200
1643,2016-08-18 10:12:55,BID,12.89,3700
1644,2016-08-18 10:12:55,TRADE,12.9,200
1645,2016-08-18 10:12:55,ASK,12.9,10000
1646,2016-08-18 10:12:55,TRADE,12.9,100
1647,2016-08-18 10:12:55,ASK,12.9,9900
1648,2016-08-18 10:12:55,TRADE,12.9,100
1649,2016-08-18 10:12:55,ASK,12.9,9800
1650,2016-08-18 10:12:55,TRADE,12.9,100
1651,2016-08-18 10:12:55,ASK,12.9,9700
1652,2016-08-18 10:12:55,TRADE,12.9,100
1653,2016-08-18 10:12:55,ASK,12.9,9600
1654,2016-08-18 10:12:55,TRADE,12.9,100
1655,2016-08-18 10:12:55,ASK,12.9,9500
1656,2016-08-18 10:12:55,TRADE,12.9,100
1657,2016-08-18 10:12:55,ASK,12.9,9400
1658,2016-08-18 10:12:55,TRADE,12.9,800
1659,2016-08-18 10:12:55,ASK,12.9,8600
1660,2016-08-18 10:12:55,ASK,12.9,3600
1661,2016-08-18 10:12:55,ASK,12.9,3800
1662,2016-08-18 10:12:56,TRADE,12.9,500
1663,2016-08-18 10:12:56,ASK,12.9,3300
1664,2016-08-18 10:12:56,ASK,12.9,6200
1665,2016-08-18 10:12:56,ASK,12.9,6500
1666,2016-08-18 10:12:56,ASK,12.9,7000
1667,2016-08-18 10:12:56,ASK,12.9,6500
1668,2016-08-18 10:12:56,ASK,12.9,5500
1669,2016-08-18 10:12:57,ASK,12.9,5600
1670,2016-08-18 10:12:57,TRADE,12.89,1200
1671,2016-08-18 10:12:57,TRADE,12.89,500
1672,2016-08-18 10:12:57,TRADE,12.89,1000
1673,2016-08-18 10:12:57,TRADE,12.89,400
1674,2016-08-18 10:12:57,TRADE,12.89,300
1675,2016-08-18 10:12:57,TRADE,12.89,300
1676,2016-08-18 10:12:57,BID,12.88,46400
1677,2016-08-18 10:12:57,ASK,12.89,1300
1678,2016-08-18 10:12:57,TRADE,12.89,500
1679,2016-08-18 10:12:57,ASK,12.89,800
1680,2016-08-18 10:12:57,TRADE,12.89,300
1681,2016-08-18 10:12:57,ASK,12.89,500
1682,2016-08-18 10:12:57,TRADE,12.89,400
1683,2016-08-18 10:12:57,ASK,12.89,100
1684,2016-08-18 10:12:57,BID,12.88,43800
1685,2016-08-18 10:12:57,TRADE,12.89,100
1686,2016-08-18 10:12:57,ASK,12.9,6300
1687,2016-08-18 10:12:57,BID,12.89,5000
1688,2016-08-18 10:12:57,ASK,12.9,9800
1689,2016-08-18 10:12:57,BID,12.89,5500
1690,2016-08-18 10:12:57,BID,12.89,5900
1691,2016-08-18 10:12:57,BID,12.89,6200
1692,2016-08-18 10:12:57,BID,12.89,6500
1693,2016-08-18 10:12:57,BID,12.89,6200
1694,2016-08-18 10:12:57,ASK,12.9,10800
1695,2016-08-18 10:12:57,BID,12.89,6500
1696,2016-08-18 10:12:57,BID,12.89,6000
1697,2016-08-18 10:12:57,ASK,12.9,11300
1698,2016-08-18 10:12:57,ASK,12.9,11200
1699,2016-08-18 10:12:57,ASK,12.9,10700
1700,2016-08-18 10:12:57,BID,12.89,6500
1701,2016-08-18 10:12:57,ASK,12.9,11200
1702,2016-08-18 10:12:57,BID,12.89,6000
1703,2016-08-18 10:12:57,ASK,12.9,10700
1704,2016-08-18 10:12:57,BID,12.89,6500
1705,2016-08-18 10:12:57,ASK,12.9,11200
1706,2016-08-18 10:12:57,BID,12.89,6000
1707,2016-08-18 10:12:57,BID,12.89,5700
1708,2016-08-18 10:12:58,TRADE,12.9,1700
1709,2016-08-18 10:12:58,ASK,12.9,9500
1710,2016-08-18 10:12:58,ASK,12.9,9000
1711,2016-08-18 10:12:58,BID,12.89,6200
1712,2016-08-18 10:12:58,BID,12.89,6500
1713,2016-08-18 10:12:58,ASK,12.9,8600
1714,2016-08-18 10:12:58,ASK,12.9,8300
1715,2016-08-18 10:12:58,ASK,12.9,4800
1716,2016-08-18 10:12:58,ASK,12.9,4400
1717,2016-08-18 10:12:58,ASK,12.9,1500
1718,2016-08-18 10:12:58,ASK,12.9,6100
1719,2016-08-18 10:12:58,ASK,12.9,1500
1720,2016-08-18 10:12:58,ASK,12.9,6100
1721,2016-08-18 10:12:58,ASK,12.9,1500
1722,2016-08-18 10:12:58,TRADE,12.9,200
1723,2016-08-18 10:12:58,TRADE,12.9,300
1724,2016-08-18 10:12:58,TRADE,12.9,1000
1725,2016-08-18 10:12:58,ASK,12.91,33800
1726,2016-08-18 10:12:58,TRADE,12.91,200
1727,2016-08-18 10:12:58,TRADE,12.91,500
1728,2016-08-18 10:12:58,TRADE,12.91,100
1729,2016-08-18 10:12:58,TRADE,12.91,200
1730,2016-08-18 10:12:58,TRADE,12.91,7500
1730,2016-08-18 10:12:58,ASK,12.91,25300
1731,2016-08-18 10:12:58,BID,12.9,500
1732,2016-08-18 10:12:58,BID,12.9,900
1733,2016-08-18 10:12:58,ASK,12.91,12800
1734,2016-08-18 10:12:58,BID,12.9,5900
1735,2016-08-18 10:12:58,BID,12.9,6200
1736,2016-08-18 10:12:58,ASK,12.91,13800
1737,2016-08-18 10:12:58,ASK,12.91,14800
1738,2016-08-18 10:12:59,TRADE,12.9,500
1739,2016-08-18 10:12:59,BID,12.9,5700
1740,2016-08-18 10:12:59,ASK,12.91,15300
1741,2016-08-18 10:12:59,TRADE,12.9,400
1742,2016-08-18 10:12:59,TRADE,12.9,500
1743,2016-08-18 10:12:59,BID,12.9,4800
1744,2016-08-18 10:12:59,BID,12.9,5200
1745,2016-08-18 10:12:59,TRADE,12.9,4500
1746,2016-08-18 10:12:59,TRADE,12.9,300
1747,2016-08-18 10:12:59,TRADE,12.9,400
1748,2016-08-18 10:12:59,BID,12.89,6500
1749,2016-08-18 10:12:59,ASK,12.9,2000
1750,2016-08-18 10:12:59,ASK,12.9,2900
1751,2016-08-18 10:12:59,TRADE,12.9,500
1752,2016-08-18 10:12:59,ASK,12.9,2400
1753,2016-08-18 10:12:59,TRADE,12.9,1500
1754,2016-08-18 10:12:59,TRADE,12.9,900
1755,2016-08-18 10:12:59,ASK,12.91,16300
1756,2016-08-18 10:12:59,TRADE,12.91,2500
1757,2016-08-18 10:12:59,TRADE,12.91,1500
1758,2016-08-18 10:12:59,TRADE,12.91,1000
1759,2016-08-18 10:12:59,TRADE,12.91,1000
1760,2016-08-18 10:12:59,TRADE,12.91,1600
1760,2016-08-18 10:12:59,ASK,12.91,8700
1761,2016-08-18 10:12:59,ASK,12.91,9000
1762,2016-08-18 10:12:59,BID,12.9,400
1763,2016-08-18 10:12:59,BID,12.9,900
1764,2016-08-18 10:12:59,ASK,12.91,9300
1765,2016-08-18 10:12:59,ASK,12.91,9700
1766,2016-08-18 10:12:59,ASK,12.91,9200
1767,2016-08-18 10:12:59,BID,12.9,5900
1768,2016-08-18 10:12:59,BID,12.9,6200
1769,2016-08-18 10:12:59,ASK,12.91,13800
1770,2016-08-18 10:12:59,ASK,12.91,12800
1771,2016-08-18 10:12:59,ASK,12.91,12400
1772,2016-08-18 10:12:59,ASK,12.91,7800
1773,2016-08-18 10:12:59,ASK,12.91,6800
1774,2016-08-18 10:12:59,TRADE,12.9,400
1775,2016-08-18 10:12:59,TRADE,12.9,500
1776,2016-08-18 10:12:59,TRADE,12.9,100
1777,2016-08-18 10:12:59,BID,12.9,5200
1778,2016-08-18 10:12:59,ASK,12.91,5800
1779,2016-08-18 10:12:59,BID,12.9,5600
1780,2016-08-18 10:12:59,ASK,12.91,6200
1781,2016-08-18 10:12:59,BID,12.9,6100
1782,2016-08-18 10:12:59,ASK,12.91,10800
1783,2016-08-18 10:12:59,ASK,12.91,6200
1784,2016-08-18 10:12:59,TRADE,12.9,4900
1785,2016-08-18 10:12:59,TRADE,12.9,100
1786,2016-08-18 10:12:59,BID,12.9,1100
1787,2016-08-18 10:12:59,ASK,12.91,6700
1788,2016-08-18 10:12:59,BID,12.9,900
1789,2016-08-18 10:12:59,BID,12.9,5900
1790,2016-08-18 10:12:59,ASK,12.91,11300
1791,2016-08-18 10:12:59,ASK,12.91,6700
1792,2016-08-18 10:12:59,BID,12.9,5400
1793,2016-08-18 10:12:59,ASK,12.91,7700
1794,2016-08-18 10:12:59,BID,12.9,5700
1795,2016-08-18 10:12:59,ASK,12.91,7300
1796,2016-08-18 10:12:59,ASK,12.91,8300
1797,2016-08-18 10:12:59,ASK,12.91,8700
1798,2016-08-18 10:12:59,BID,12.9,6200
1799,2016-08-18 10:12:59,TRADE,12.9,400
1800,2016-08-18 10:12:59,TRADE,12.9,1600
1801,2016-08-18 10:12:59,BID,12.9,4200
1802,2016-08-18 10:12:59,BID,12.9,4600
1803,2016-08-18 10:12:59,ASK,12.91,7700
1804,2016-08-18 10:12:59,BID,12.9,4100
1805,2016-08-18 10:12:59,ASK,12.91,7300
1807,2016-08-18 10:12:59,ASK,12.91,7700
1808,2016-08-18 10:12:59,TRADE,12.9,100
1809,2016-08-18 10:12:59,BID,12.9,4000
1810,2016-08-18 10:12:59,BID,12.9,4200
1811,2016-08-18 10:12:59,BID,12.9,11700
1812,2016-08-18 10:12:59,ASK,12.91,7400
1813,2016-08-18 10:12:59,ASK,12.91,7000
1814,2016-08-18 10:13:00,TRADE,12.91,1600
1815,2016-08-18 10:13:00,ASK,12.91,5400
1816,2016-08-18 10:13:00,ASK,12.91,5500
1817,2016-08-18 10:13:00,BID,12.9,12200
1818,2016-08-18 10:13:01,ASK,12.91,5000
1819,2016-08-18 10:13:01,BID,12.9,12300
1820,2016-08-18 10:13:02,ASK,12.91,5500
1821,2016-08-18 10:13:02,ASK,12.91,5000
1822,2016-08-18 10:13:02,ASK,12.91,5100
1823,2016-08-18 10:13:02,ASK,12.91,6100
1824,2016-08-18 10:13:02,ASK,12.91,9900
1825,2016-08-18 10:13:02,TRADE,12.9,100
1826,2016-08-18 10:13:02,BID,12.9,12200
1827,2016-08-18 10:13:03,ASK,12.91,14900
1828,2016-08-18 10:13:03,TRADE,12.9,3000
1829,2016-08-18 10:13:03,BID,12.9,9200
1830,2016-08-18 10:13:03,ASK,12.91,15400
1831,2016-08-18 10:13:03,TRADE,12.9,100
1832,2016-08-18 10:13:03,BID,12.9,9100
1833,2016-08-18 10:13:04,BID,12.9,10700
1834,2016-08-18 10:13:04,TRADE,12.91,300
1835,2016-08-18 10:13:04,ASK,12.91,15100
1836,2016-08-18 10:13:04,ASK,12.91,14600
1837,2016-08-18 10:13:04,ASK,12.91,10800
1838,2016-08-18 10:13:05,BID,12.9,10200
1839,2016-08-18 10:13:05,ASK,12.91,11300
1840,2016-08-18 10:13:05,BID,12.9,10700
1841,2016-08-18 10:13:06,ASK,12.91,10800
1842,2016-08-18 10:13:09,ASK,12.91,10600
1843,2016-08-18 10:13:10,TRADE,12.9,100
1844,2016-08-18 10:13:10,TRADE,12.9,300
1845,2016-08-18 10:13:10,TRADE,12.9,300
1846,2016-08-18 10:13:10,BID,12.9,10000
1847,2016-08-18 10:13:10,BID,12.9,14200
1849,2016-08-18 10:13:10,BID,12.9,17800
1856,2016-08-18 10:13:10,ASK,12.91,9600
1857,2016-08-18 10:13:11,BID,12.9,18000
1859,2016-08-18 10:13:11,TRADE,12.91,1500
1860,2016-08-18 10:13:11,TRADE,12.91,500
1861,2016-08-18 10:13:11,ASK,12.91,7600
1862,2016-08-18 10:13:11,ASK,12.91,12600
1863,2016-08-18 10:13:11,ASK,12.91,13100
1864,2016-08-18 10:13:12,ASK,12.91,12600
1866,2016-08-18 10:13:13,TRADE,12.9,100
1867,2016-08-18 10:13:13,TRADE,12.9,200
1868,2016-08-18 10:13:13,TRADE,12.9,7500
1869,2016-08-18 10:13:13,TRADE,12.9,100
1870,2016-08-18 10:13:13,TRADE,12.9,1600
1871,2016-08-18 10:13:13,TRADE,12.9,500
1872,2016-08-18 10:13:13,TRADE,12.9,4200
1873,2016-08-18 10:13:13,TRADE,12.9,3600
1874,2016-08-18 10:13:13,TRADE,12.9,200
1875,2016-08-18 10:13:13,BID,12.89,28100
1876,2016-08-18 10:13:13,ASK,12.9,32000
1877,2016-08-18 10:13:13,BID,12.89,28000
1878,2016-08-18 10:13:13,BID,12.89,15500
1879,2016-08-18 10:13:13,BID,12.89,15200
1880,2016-08-18 10:13:13,ASK,12.9,37000
1881,2016-08-18 10:13:13,ASK,12.9,39000
1882,2016-08-18 10:13:13,ASK,12.9,41000
1883,2016-08-18 10:13:13,ASK,12.9,43000
1884,2016-08-18 10:13:13,ASK,12.9,44000
1885,2016-08-18 10:13:13,ASK,12.9,44500
1886,2016-08-18 10:13:13,ASK,12.9,45500
1887,2016-08-18 10:13:13,ASK,12.9,46500
1888,2016-08-18 10:13:13,TRADE,12.89,1000
1889,2016-08-18 10:13:13,BID,12.89,14200
1890,2016-08-18 10:13:13,ASK,12.9,45500
1891,2016-08-18 10:13:13,TRADE,12.89,1000
1892,2016-08-18 10:13:13,BID,12.89,13200
1893,2016-08-18 10:13:13,ASK,12.9,44500
1894,2016-08-18 10:13:13,TRADE,12.89,3000
1895,2016-08-18 10:13:13,TRADE,12.89,400
1896,2016-08-18 10:13:13,TRADE,12.89,500
1897,2016-08-18 10:13:13,TRADE,12.89,300
1898,2016-08-18 10:13:13,TRADE,12.89,300
1899,2016-08-18 10:13:13,TRADE,12.89,7500
1900,2016-08-18 10:13:13,TRADE,12.89,1100
1901,2016-08-18 10:13:13,TRADE,12.89,100
1902,2016-08-18 10:13:13,BID,12.88,52700
1903,2016-08-18 10:13:13,ASK,12.89,1000
1904,2016-08-18 10:13:13,BID,12.88,52600
1905,2016-08-18 10:13:13,ASK,12.89,1400
1906,2016-08-18 10:13:13,ASK,12.89,6400
1907,2016-08-18 10:13:13,BID,12.88,50600
1909,2016-08-18 10:13:13,ASK,12.89,6700
1910,2016-08-18 10:13:13,ASK,12.89,7000
1911,2016-08-18 10:13:13,ASK,12.89,7500
1912,2016-08-18 10:13:13,ASK,12.89,7000
1913,2016-08-18 10:13:13,TRADE,12.88,1000
1914,2016-08-18 10:13:13,BID,12.88,49600
1915,2016-08-18 10:13:13,ASK,12.89,6000
1916,2016-08-18 10:13:13,TRADE,12.88,2000
1917,2016-08-18 10:13:13,BID,12.88,47600
1918,2016-08-18 10:13:13,TRADE,12.88,1000
1919,2016-08-18 10:13:13,BID,12.88,46600
1920,2016-08-18 10:13:13,TRADE,12.88,700
1921,2016-08-18 10:13:13,TRADE,12.88,300
1922,2016-08-18 10:13:13,BID,12.88,45600
1923,2016-08-18 10:13:13,ASK,12.89,6100
1924,2016-08-18 10:13:13,ASK,12.89,5800
1925,2016-08-18 10:13:13,ASK,12.89,20800
1926,2016-08-18 10:13:13,ASK,12.89,21300
1927,2016-08-18 10:13:14,TRADE,12.89,400
1928,2016-08-18 10:13:14,TRADE,12.89,5000
1929,2016-08-18 10:13:14,TRADE,12.89,100
1930,2016-08-18 10:13:14,ASK,12.89,15800
1931,2016-08-18 10:13:14,ASK,12.89,15300
1932,2016-08-18 10:13:14,ASK,12.89,20300
1933,2016-08-18 10:13:14,BID,12.88,45100
1934,2016-08-18 10:13:14,ASK,12.89,20800
1935,2016-08-18 10:13:14,BID,12.88,45600
1936,2016-08-18 10:13:15,ASK,12.89,21800
1937,2016-08-18 10:13:15,ASK,12.89,21600
1938,2016-08-18 10:13:15,TRADE,12.89,100
1939,2016-08-18 10:13:15,TRADE,12.89,4300
1940,2016-08-18 10:13:15,ASK,12.89,17200
1941,2016-08-18 10:13:15,ASK,12.89,12200
1942,2016-08-18 10:13:15,ASK,12.89,11700
1943,2016-08-18 10:13:16,TRADE,12.88,6000
1944,2016-08-18 10:13:16,BID,12.88,39600
1945,2016-08-18 10:13:16,ASK,12.89,16700
1946,2016-08-18 10:13:16,TRADE,12.89,1500
1947,2016-08-18 10:13:16,ASK,12.89,15200
1948,2016-08-18 10:13:16,ASK,12.89,10200
1949,2016-08-18 10:13:16,TRADE,12.89,5000
1950,2016-08-18 10:13:16,ASK,12.89,5200
1951,2016-08-18 10:13:17,ASK,12.89,5300
1952,2016-08-18 10:13:17,ASK,12.89,5600
1953,2016-08-18 10:13:19,ASK,12.89,6000
1954,2016-08-18 10:13:19,ASK,12.89,5000
1955,2016-08-18 10:13:19,TRADE,12.89,200
1956,2016-08-18 10:13:19,ASK,12.89,4800
1957,2016-08-18 10:13:20,TRADE,12.89,1200
1958,2016-08-18 10:13:20,ASK,12.89,3600
1959,2016-08-18 10:13:20,ASK,12.89,4000
1961,2016-08-18 10:13:20,TRADE,12.88,400
1962,2016-08-18 10:13:20,BID,12.88,39200
1963,2016-08-18 10:13:21,TRADE,12.89,500
1964,2016-08-18 10:13:21,ASK,12.89,3500
1965,2016-08-18 10:13:21,ASK,12.89,4000
1966,2016-08-18 10:13:21,ASK,12.89,3500
1967,2016-08-18 10:13:22,ASK,12.89,3100
1968,2016-08-18 10:13:22,ASK,12.89,4100
1969,2016-08-18 10:13:23,ASK,12.89,3800
1970,2016-08-18 10:13:23,ASK,12.89,4100
1971,2016-08-18 10:13:23,ASK,12.89,3100
1972,2016-08-18 10:13:25,TRADE,12.88,500
1973,2016-08-18 10:13:25,BID,12.88,38700
1974,2016-08-18 10:13:25,ASK,12.89,3600
1975,2016-08-18 10:13:25,ASK,12.89,4000
1977,2016-08-18 10:13:26,TRADE,12.89,500
1978,2016-08-18 10:13:26,ASK,12.89,3500
1979,2016-08-18 10:13:26,TRADE,12.88,700
1980,2016-08-18 10:13:26,BID,12.88,38000
1981,2016-08-18 10:13:26,ASK,12.89,8500
1982,2016-08-18 10:13:27,ASK,12.89,23500
1983,2016-08-18 10:13:27,ASK,12.89,24500
1984,2016-08-18 10:13:27,BID,12.88,37500
1985,2016-08-18 10:13:27,TRADE,12.88,2000
1986,2016-08-18 10:13:27,BID,12.88,35500
1987,2016-08-18 10:13:27,TRADE,12.88,1000
1988,2016-08-18 10:13:27,BID,12.88,34500
1989,2016-08-18 10:13:27,ASK,12.89,23500
1990,2016-08-18 10:13:27,TRADE,12.88,8800
1991,2016-08-18 10:13:27,TRADE,12.88,300
1992,2016-08-18 10:13:27,TRADE,12.88,900
1993,2016-08-18 10:13:27,TRADE,12.88,5000
1994,2016-08-18 10:13:27,TRADE,12.88,200
1995,2016-08-18 10:13:27,TRADE,12.88,300
1996,2016-08-18 10:13:27,TRADE,12.88,19000
1997,2016-08-18 10:13:27,BID,12.88,600
1998,2016-08-18 10:13:27,TRADE,12.88,600
1999,2016-08-18 10:13:27,BID,12.87,57100
2000,2016-08-18 10:13:27,BID,12.87,57000
2001,2016-08-18 10:13:27,ASK,12.88,5000
2002,2016-08-18 10:13:27,BID,12.87,44500
2003,2016-08-18 10:13:27,ASK,12.88,5400
2004,2016-08-18 10:13:27,ASK,12.88,5900
2005,2016-08-18 10:13:27,ASK,12.88,5400
2006,2016-08-18 10:13:27,ASK,12.88,5000
2007,2016-08-18 10:13:27,ASK,12.88,5400
2010,2016-08-18 10:13:28,ASK,12.88,5700
2016,2016-08-18 10:13:33,ASK,12.88,6700
2017,2016-08-18 10:13:33,ASK,12.88,5700
2019,2016-08-18 10:13:33,ASK,12.88,11300
2023,2016-08-18 10:13:36,TRADE,12.88,500
2024,2016-08-18 10:13:36,ASK,12.88,10800
2025,2016-08-18 10:13:36,TRADE,12.88,1000
2026,2016-08-18 10:13:36,ASK,12.88,9800
2028,2016-08-18 10:13:37,ASK,12.88,10000
2029,2016-08-18 10:13:39,ASK,12.88,11500
2030,2016-08-18 10:13:39,BID,12.87,44700
2031,2016-08-18 10:13:39,ASK,12.88,11200
2032,2016-08-18 10:13:39,ASK,12.88,10800
2033,2016-08-18 10:13:39,ASK,12.88,7300
2034,2016-08-18 10:13:40,BID,12.87,45900
2035,2016-08-18 10:13:41,ASK,12.88,7600
2036,2016-08-18 10:13:42,TRADE,12.88,1000
2037,2016-08-18 10:13:42,ASK,12.88,6600
2038,2016-08-18 10:13:42,ASK,12.88,7000
2039,2016-08-18 10:13:44,TRADE,12.87,500
2040,2016-08-18 10:13:44,BID,12.87,45400
2041,2016-08-18 10:13:44,TRADE,12.87,500
2042,2016-08-18 10:13:44,BID,12.87,44900
2043,2016-08-18 10:13:44,ASK,12.88,12000
2044,2016-08-18 10:13:44,ASK,12.88,12500
2045,2016-08-18 10:13:44,BID,12.87,44400
2046,2016-08-18 10:13:44,TRADE,12.88,600
2047,2016-08-18 10:13:44,ASK,12.88,11900
2048,2016-08-18 10:13:45,ASK,12.88,11400
2049,2016-08-18 10:13:45,BID,12.87,44900
2050,2016-08-18 10:13:46,ASK,12.88,12400
2051,2016-08-18 10:13:46,BID,12.87,44700
2052,2016-08-18 10:13:46,ASK,12.88,17400
2053,2016-08-18 10:13:47,TRADE,12.88,4000
2054,2016-08-18 10:13:47,TRADE,12.88,200
2055,2016-08-18 10:13:47,TRADE,12.88,1500
2056,2016-08-18 10:13:47,TRADE,12.88,300
2057,2016-08-18 10:13:47,TRADE,12.88,400
2058,2016-08-18 10:13:47,TRADE,12.88,1300
2059,2016-08-18 10:13:47,ASK,12.88,9700
2060,2016-08-18 10:13:47,ASK,12.88,6000
2061,2016-08-18 10:13:47,ASK,12.88,6400
2062,2016-08-18 10:13:47,ASK,12.88,6500
2063,2016-08-18 10:13:50,TRADE,12.88,200
2064,2016-08-18 10:13:50,ASK,12.88,6300
2065,2016-08-18 10:13:50,ASK,12.88,5500
2066,2016-08-18 10:13:50,ASK,12.88,6500
2067,2016-08-18 10:13:51,ASK,12.88,6800
2068,2016-08-18 10:13:51,ASK,12.88,11800
2069,2016-08-18 10:13:52,TRADE,12.88,100
2070,2016-08-18 10:13:52,ASK,12.88,11700
2071,2016-08-18 10:13:53,TRADE,12.88,1500
2072,2016-08-18 10:13:53,ASK,12.88,10200
2073,2016-08-18 10:13:54,TRADE,12.88,100
2074,2016-08-18 10:13:54,ASK,12.88,10100
2075,2016-08-18 10:13:55,TRADE,12.88,500
2076,2016-08-18 10:13:55,ASK,12.88,9600
2077,2016-08-18 10:13:56,TRADE,12.88,2000
2078,2016-08-18 10:13:56,ASK,12.88,7600
2079,2016-08-18 10:13:56,ASK,12.88,2600
2080,2016-08-18 10:13:56,ASK,12.88,2300
2081,2016-08-18 10:13:58,BID,12.87,44800
2082,2016-08-18 10:13:58,ASK,12.88,10100
2083,2016-08-18 10:13:58,TRADE,12.87,2000
2084,2016-08-18 10:13:58,BID,12.87,42800
2085,2016-08-18 10:13:58,TRADE,12.87,1000
2086,2016-08-18 10:13:58,BID,12.87,41800
2087,2016-08-18 10:13:58,ASK,12.88,9100
2088,2016-08-18 10:13:58,ASK,12.88,14100
2089,2016-08-18 10:13:58,TRADE,12.87,2000
2090,2016-08-18 10:13:58,BID,12.87,39800
2091,2016-08-18 10:13:58,TRADE,12.87,200
2092,2016-08-18 10:13:58,TRADE,12.87,800
2093,2016-08-18 10:13:58,BID,12.87,45400
2094,2016-08-18 10:13:58,TRADE,12.87,2000
2095,2016-08-18 10:13:58,BID,12.87,43400
2096,2016-08-18 10:13:58,TRADE,12.87,1000
2097,2016-08-18 10:13:58,BID,12.87,42400
2098,2016-08-18 10:13:58,TRADE,12.87,1700
2099,2016-08-18 10:13:58,TRADE,12.87,300
2100,2016-08-18 10:13:58,BID,12.87,45900
2101,2016-08-18 10:13:58,TRADE,12.87,1000
2102,2016-08-18 10:13:58,BID,12.87,44900
2103,2016-08-18 10:13:58,TRADE,12.87,1000
2104,2016-08-18 10:13:58,BID,12.87,43900
2105,2016-08-18 10:13:58,TRADE,12.87,2000
2106,2016-08-18 10:13:58,BID,12.87,41900
2107,2016-08-18 10:13:58,TRADE,12.87,700
2108,2016-08-18 10:13:58,TRADE,12.87,300
2109,2016-08-18 10:13:58,BID,12.87,40900
2110,2016-08-18 10:13:58,TRADE,12.87,2000
2111,2016-08-18 10:13:58,BID,12.87,38900
2112,2016-08-18 10:13:58,BID,12.87,43900
2113,2016-08-18 10:13:58,ASK,12.88,14600
2114,2016-08-18 10:13:58,TRADE,12.87,200
2115,2016-08-18 10:13:58,TRADE,12.87,200
2116,2016-08-18 10:13:58,BID,12.87,43500
2117,2016-08-18 10:13:58,TRADE,12.87,1000
2118,2016-08-18 10:13:58,BID,12.87,42500
2119,2016-08-18 10:13:58,ASK,12.88,15400
2120,2016-08-18 10:13:58,ASK,12.88,15600
2121,2016-08-18 10:13:59,ASK,12.88,15100
2122,2016-08-18 10:14:00,ASK,12.88,15600
2124,2016-08-18 10:14:00,TRADE,12.88,700
2125,2016-08-18 10:14:00,ASK,12.88,14900
2126,2016-08-18 10:14:00,ASK,12.88,29900
2129,2016-08-18 10:14:01,TRADE,12.88,100
2130,2016-08-18 10:14:01,TRADE,12.88,400
2131,2016-08-18 10:14:01,TRADE,12.88,100
2132,2016-08-18 10:14:01,TRADE,12.88,1400
2133,2016-08-18 10:14:01,ASK,12.88,27900
2134,2016-08-18 10:14:01,TRADE,12.87,2000
2135,2016-08-18 10:14:01,BID,12.87,40500
2136,2016-08-18 10:14:01,TRADE,12.87,1000
2137,2016-08-18 10:14:01,BID,12.87,39500
2138,2016-08-18 10:14:01,ASK,12.88,26900
2139,2016-08-18 10:14:01,ASK,12.88,27900
2140,2016-08-18 10:14:01,ASK,12.88,27400
2141,2016-08-18 10:14:01,ASK,12.88,28400
2142,2016-08-18 10:14:03,ASK,12.88,28900
2143,2016-08-18 10:14:04,ASK,12.88,29000
2144,2016-08-18 10:14:05,ASK,12.88,30000
2145,2016-08-18 10:14:05,TRADE,12.87,1300
2146,2016-08-18 10:14:05,TRADE,12.87,100
2147,2016-08-18 10:14:05,TRADE,12.87,100
2148,2016-08-18 10:14:05,TRADE,12.87,100
2149,2016-08-18 10:14:05,TRADE,12.87,300
2150,2016-08-18 10:14:05,TRADE,12.87,100
2151,2016-08-18 10:14:05,BID,12.87,41300
2152,2016-08-18 10:14:05,TRADE,12.87,1000
2153,2016-08-18 10:14:05,BID,12.87,40300
2154,2016-08-18 10:14:05,ASK,12.88,29000
2155,2016-08-18 10:14:05,ASK,12.88,30000
2156,2016-08-18 10:14:07,BID,12.87,39800
2157,2016-08-18 10:14:07,TRADE,12.87,1000
2158,2016-08-18 10:14:07,BID,12.87,38800
2159,2016-08-18 10:14:08,TRADE,12.87,4400
2160,2016-08-18 10:14:08,BID,12.87,34400
2161,2016-08-18 10:14:08,BID,12.87,29400
2162,2016-08-18 10:14:08,TRADE,12.88,6400
2163,2016-08-18 10:14:08,TRADE,12.88,1300
2164,2016-08-18 10:14:08,ASK,12.88,22300
2165,2016-08-18 10:14:08,BID,12.87,34400
2166,2016-08-18 10:14:08,BID,12.87,34900
2167,2016-08-18 10:14:10,ASK,12.88,21800
2168,2016-08-18 10:14:10,ASK,12.88,22300
2169,2016-08-18 10:14:10,ASK,12.88,21800
2170,2016-08-18 10:14:10,ASK,12.88,22300
2171,2016-08-18 10:14:11,ASK,12.88,21800
2172,2016-08-18 10:14:11,ASK,12.88,22200
2173,2016-08-18 10:14:12,TRADE,12.87,200
2174,2016-08-18 10:14:12,BID,12.87,34700
2175,2016-08-18 10:14:16,TRADE,12.88,200
2176,2016-08-18 10:14:16,ASK,12.88,22000
2177,2016-08-18 10:14:20,ASK,12.88,22100
2178,2016-08-18 10:14:20,BID,12.87,34200
2179,2016-08-18 10:14:20,ASK,12.88,22600
2180,2016-08-18 10:14:20,BID,12.87,34700
2181,2016-08-18 10:14:21,ASK,12.88,22100
2182,2016-08-18 10:14:25,TRADE,12.87,700
2183,2016-08-18 10:14:25,BID,12.87,34000
2184,2016-08-18 10:14:25,ASK,12.88,22600
2185,2016-08-18 10:14:26,ASK,12.88,22700
2186,2016-08-18 10:14:29,TRADE,12.88,3500
2187,2016-08-18 10:14:29,TRADE,12.88,2500
2188,2016-08-18 10:14:29,ASK,12.88,16700
2189,2016-08-18 10:14:29,ASK,12.88,21700
2190,2016-08-18 10:14:29,ASK,12.88,21200
2191,2016-08-18 10:14:29,ASK,12.88,21700
2192,2016-08-18 10:14:33,TRADE,12.87,2600
2193,2016-08-18 10:14:33,TRADE,12.87,100
2194,2016-08-18 10:14:33,TRADE,12.87,2300
2195,2016-08-18 10:14:33,BID,12.87,29000
2196,2016-08-18 10:14:33,BID,12.87,28500
2197,2016-08-18 10:14:33,TRADE,12.88,100
2198,2016-08-18 10:14:33,ASK,12.88,21600
2199,2016-08-18 10:14:33,TRADE,12.87,1000
2200,2016-08-18 10:14:33,BID,12.87,27500
2201,2016-08-18 10:14:34,TRADE,12.87,100
2202,2016-08-18 10:14:34,BID,12.87,27400
2203,2016-08-18 10:14:36,TRADE,12.87,2000
2204,2016-08-18 10:14:36,BID,12.87,25400
2205,2016-08-18 10:14:36,TRADE,12.87,1000
2206,2016-08-18 10:14:36,BID,12.87,24400
2207,2016-08-18 10:14:36,ASK,12.88,20600
2208,2016-08-18 10:14:36,ASK,12.88,21600
2209,2016-08-18 10:14:36,BID,12.87,24900
2210,2016-08-18 10:14:36,ASK,12.88,21100
2211,2016-08-18 10:14:36,TRADE,12.88,900
2212,2016-08-18 10:14:36,ASK,12.88,20200
2213,2016-08-18 10:14:37,ASK,12.88,20700
2214,2016-08-18 10:14:37,BID,12.87,24400
2215,2016-08-18 10:14:41,BID,12.87,25900
2216,2016-08-18 10:14:47,TRADE,12.88,500
2217,2016-08-18 10:14:47,ASK,12.88,20200
2218,2016-08-18 10:14:47,TRADE,12.87,1600
2219,2016-08-18 10:14:47,TRADE,12.87,500
2220,2016-08-18 10:14:47,TRADE,12.87,100
2221,2016-08-18 10:14:47,TRADE,12.87,1200
2222,2016-08-18 10:14:47,TRADE,12.87,100
2223,2016-08-18 10:14:47,TRADE,12.87,2600
2224,2016-08-18 10:14:47,BID,12.87,19800
2225,2016-08-18 10:14:47,BID,12.87,14800
2226,2016-08-18 10:14:47,ASK,12.88,22800
2227,2016-08-18 10:14:47,TRADE,12.87,4000
2228,2016-08-18 10:14:47,TRADE,12.87,5500
2229,2016-08-18 10:14:47,TRADE,12.87,2700
2230,2016-08-18 10:14:47,BID,12.87,6100
2231,2016-08-18 10:14:47,TRADE,12.87,1100
2232,2016-08-18 10:14:47,TRADE,12.87,1500
2233,2016-08-18 10:14:47,TRADE,12.87,3500
2234,2016-08-18 10:14:47,BID,12.86,61800
2235,2016-08-18 10:14:47,BID,12.86,61700
2236,2016-08-18 10:14:47,BID,12.86,49200
2237,2016-08-18 10:14:47,ASK,12.87,300
2238,2016-08-18 10:14:47,ASK,12.87,600
2239,2016-08-18 10:14:47,ASK,12.87,1000
2240,2016-08-18 10:14:47,BID,12.86,47200
2241,2016-08-18 10:14:47,ASK,12.87,6000
2242,2016-08-18 10:14:47,BID,12.86,46700
2243,2016-08-18 10:14:47,ASK,12.87,6500
2244,2016-08-18 10:14:48,BID,12.86,47200
2245,2016-08-18 10:14:48,ASK,12.87,6000
2246,2016-08-18 10:14:48,ASK,12.87,6500
2247,2016-08-18 10:14:48,BID,12.86,46700
2248,2016-08-18 10:14:48,ASK,12.87,6900
2249,2016-08-18 10:14:49,BID,12.86,47200
2250,2016-08-18 10:14:50,ASK,12.87,6400
2251,2016-08-18 10:14:50,TRADE,12.86,700
2252,2016-08-18 10:14:50,TRADE,12.86,100
2253,2016-08-18 10:14:50,TRADE,12.86,9200
2254,2016-08-18 10:14:50,BID,12.86,37200
2255,2016-08-18 10:14:50,ASK,12.87,6900
2256,2016-08-18 10:14:50,TRADE,12.86,800
2257,2016-08-18 10:14:50,TRADE,12.86,200
2258,2016-08-18 10:14:50,TRADE,12.86,700
2259,2016-08-18 10:14:50,BID,12.86,35500
2260,2016-08-18 10:14:52,BID,12.86,35000
2261,2016-08-18 10:14:52,ASK,12.87,7900
2262,2016-08-18 10:14:53,TRADE,12.86,5300
2263,2016-08-18 10:14:53,TRADE,12.86,4100
2264,2016-08-18 10:14:53,TRADE,12.86,5000
2265,2016-08-18 10:14:53,TRADE,12.86,1000
2266,2016-08-18 10:14:53,TRADE,12.86,300
2267,2016-08-18 10:14:53,TRADE,12.86,1200
2268,2016-08-18 10:14:53,TRADE,12.86,500
2269,2016-08-18 10:14:53,TRADE,12.86,5000
2270,2016-08-18 10:14:53,TRADE,12.86,6000
2271,2016-08-18 10:14:53,TRADE,12.86,4600
2272,2016-08-18 10:14:53,TRADE,12.86,2000
2273,2016-08-18 10:14:53,BID,12.86,5000
2274,2016-08-18 10:14:53,TRADE,12.86,5000
2275,2016-08-18 10:14:53,TRADE,12.86,5000
2276,2016-08-18 10:14:53,BID,12.86,3300
2277,2016-08-18 10:14:53,TRADE,12.86,3300
2278,2016-08-18 10:14:53,BID,12.85,52900
2279,2016-08-18 10:14:53,TRADE,12.85,500
2280,2016-08-18 10:14:53,TRADE,12.85,12500
2281,2016-08-18 10:14:53,TRADE,12.85,100
2282,2016-08-18 10:14:53,TRADE,12.85,6500
2283,2016-08-18 10:14:53,TRADE,12.85,5000
2284,2016-08-18 10:14:53,TRADE,12.85,10000
2285,2016-08-18 10:14:53,TRADE,12.85,100
2286,2016-08-18 10:14:53,TRADE,12.85,100
2287,2016-08-18 10:14:53,TRADE,12.85,1600
2288,2016-08-18 10:14:53,TRADE,12.85,500
2289,2016-08-18 10:14:53,TRADE,12.85,8000
2289,2016-08-18 10:14:53,BID,12.85,8000
2290,2016-08-18 10:14:53,TRADE,12.85,8000
2291,2016-08-18 10:14:53,BID,12.85,1300
2292,2016-08-18 10:14:53,TRADE,12.85,1300
2293,2016-08-18 10:14:53,BID,12.84,59600
2294,2016-08-18 10:14:53,ASK,12.85,27500
2295,2016-08-18 10:14:53,TRADE,12.84,5000
2296,2016-08-18 10:14:53,BID,12.84,54600
2297,2016-08-18 10:14:53,TRADE,12.85,5000
2298,2016-08-18 10:14:53,ASK,12.85,22500
2299,2016-08-18 10:14:53,ASK,12.85,27500
2300,2016-08-18 10:14:53,TRADE,12.85,7800
2301,2016-08-18 10:14:53,ASK,12.85,19700
2302,2016-08-18 10:14:53,BID,12.84,54500
2303,2016-08-18 10:14:53,BID,12.84,42000
2304,2016-08-18 10:14:53,ASK,12.85,14700
2305,2016-08-18 10:14:53,BID,12.84,47000
2306,2016-08-18 10:14:53,BID,12.84,47100
2307,2016-08-18 10:14:53,BID,12.84,47000
2308,2016-08-18 10:14:53,ASK,12.85,15700
2309,2016-08-18 10:14:53,TRADE,12.84,500
2310,2016-08-18 10:14:53,TRADE,12.84,500
2311,2016-08-18 10:14:53,BID,12.84,46000
2312,2016-08-18 10:14:53,ASK,12.85,14700
2313,2016-08-18 10:14:53,TRADE,12.84,1000
2314,2016-08-18 10:14:53,BID,12.84,45000
2315,2016-08-18 10:14:53,BID,12.84,45500
2316,2016-08-18 10:14:53,TRADE,12.84,400
2317,2016-08-18 10:14:53,TRADE,12.84,600
2318,2016-08-18 10:14:53,BID,12.84,44500
2319,2016-08-18 10:14:53,BID,12.84,44000
2320,2016-08-18 10:14:53,ASK,12.85,15200
2321,2016-08-18 10:14:53,BID,12.84,39000
2322,2016-08-18 10:14:53,BID,12.84,44000
2324,2016-08-18 10:14:53,BID,12.84,44500
2325,2016-08-18 10:14:53,ASK,12.85,14700
2327,2016-08-18 10:14:54,ASK,12.85,19700
2328,2016-08-18 10:14:54,ASK,12.85,19800
2329,2016-08-18 10:14:54,ASK,12.85,21800
2330,2016-08-18 10:14:54,BID,12.84,44000
2331,2016-08-18 10:14:54,ASK,12.85,22300
2332,2016-08-18 10:14:54,ASK,12.85,21800
2333,2016-08-18 10:14:54,BID,12.84,44500
2334,2016-08-18 10:14:55,ASK,12.85,22300
2335,2016-08-18 10:14:55,ASK,12.85,21800
2336,2016-08-18 10:14:55,BID,12.84,44000
2337,2016-08-18 10:14:55,ASK,12.85,22300
2341,2016-08-18 10:14:56,BID,12.84,55000
2343,2016-08-18 10:14:56,BID,12.84,55500
2344,2016-08-18 10:14:57,ASK,12.85,21800
2345,2016-08-18 10:14:57,TRADE,12.85,14700
2346,2016-08-18 10:14:57,TRADE,12.85,5000
2347,2016-08-18 10:14:57,TRADE,12.85,100
2348,2016-08-18 10:14:57,TRADE,12.85,2000
2349,2016-08-18 10:14:57,ASK,12.86,23100
2350,2016-08-18 10:14:57,BID,12.85,300
2351,2016-08-18 10:14:57,BID,12.85,800
2352,2016-08-18 10:14:57,BID,12.85,5800
2353,2016-08-18 10:14:57,ASK,12.86,23000
2354,2016-08-18 10:14:57,ASK,12.86,10500
2355,2016-08-18 10:14:57,ASK,12.86,11500
2356,2016-08-18 10:14:57,ASK,12.86,12500
2357,2016-08-18 10:14:57,ASK,12.86,13500
2358,2016-08-18 10:14:57,ASK,12.86,12500
2359,2016-08-18 10:14:57,ASK,12.86,12300
2360,2016-08-18 10:14:57,BID,12.85,6200
2361,2016-08-18 10:14:57,BID,12.85,6500
2363,2016-08-18 10:14:57,ASK,12.86,12800
2364,2016-08-18 10:14:57,BID,12.85,6100
2365,2016-08-18 10:14:57,ASK,12.86,13000
2366,2016-08-18 10:14:57,ASK,12.86,12500
2367,2016-08-18 10:14:57,BID,12.85,5800
2368,2016-08-18 10:14:58,ASK,12.86,13000
2369,2016-08-18 10:14:58,ASK,12.86,12500
2370,2016-08-18 10:14:58,ASK,12.86,12900
2371,2016-08-18 10:14:59,ASK,12.86,13400
2372,2016-08-18 10:14:59,BID,12.85,8800
2373,2016-08-18 10:15:00,BID,12.85,19800
2374,2016-08-18 10:15:00,ASK,12.86,12400
2375,2016-08-18 10:15:00,ASK,12.86,11400
2376,2016-08-18 10:15:00,BID,12.85,19900
2377,2016-08-18 10:15:01,TRADE,12.85,200
2378,2016-08-18 10:15:01,BID,12.85,19700
2379,2016-08-18 10:15:03,ASK,12.86,10900
2380,2016-08-18 10:15:05,ASK,12.86,11000
2381,2016-08-18 10:15:05,BID,12.85,22700
2382,2016-08-18 10:15:07,TRADE,12.86,400
2383,2016-08-18 10:15:07,TRADE,12.86,300
2384,2016-08-18 10:15:07,ASK,12.86,10300
2385,2016-08-18 10:15:09,TRADE,12.85,100
2386,2016-08-18 10:15:09,TRADE,12.85,500
2387,2016-08-18 10:15:09,TRADE,12.85,900
2388,2016-08-18 10:15:09,BID,12.85,21200
2389,2016-08-18 10:15:09,BID,12.85,21700
2390,2016-08-18 10:15:11,TRADE,12.85,1000
2391,2016-08-18 10:15:11,BID,12.85,20700
2392,2016-08-18 10:15:11,TRADE,12.85,200
2393,2016-08-18 10:15:11,BID,12.85,20500
2394,2016-08-18 10:15:12,BID,12.85,50500
2395,2016-08-18 10:15:12,ASK,12.86,10500
2396,2016-08-18 10:15:13,ASK,12.86,10200
2400,2016-08-18 10:15:14,ASK,12.86,5200
2401,2016-08-18 10:15:14,BID,12.85,51700
2402,2016-08-18 10:15:14,TRADE,12.86,300
2403,2016-08-18 10:15:14,ASK,12.86,4900
2404,2016-08-18 10:15:14,TRADE,12.86,1700
2405,2016-08-18 10:15:14,TRADE,12.86,2000
2406,2016-08-18 10:15:14,TRADE,12.86,500
2407,2016-08-18 10:15:14,TRADE,12.86,400
2408,2016-08-18 10:15:14,TRADE,12.86,100
2409,2016-08-18 10:15:14,TRADE,12.86,200
2410,2016-08-18 10:15:14,ASK,12.87,22100
2411,2016-08-18 10:15:14,BID,12.86,500
2412,2016-08-18 10:15:14,ASK,12.87,22000
2413,2016-08-18 10:15:14,ASK,12.87,9500
2414,2016-08-18 10:15:14,BID,12.86,4800
2415,2016-08-18 10:15:14,BID,12.86,5100
2416,2016-08-18 10:15:14,BID,12.86,5500
2417,2016-08-18 10:15:14,ASK,12.87,10500
2418,2016-08-18 10:15:14,BID,12.86,6600
2419,2016-08-18 10:15:14,TRADE,12.86,500
2420,2016-08-18 10:15:14,TRADE,12.86,500
2421,2016-08-18 10:15:14,BID,12.86,5600
2422,2016-08-18 10:15:14,BID,12.86,5200
2423,2016-08-18 10:15:14,BID,12.86,4900
2424,2016-08-18 10:15:14,ASK,12.87,9500
2425,2016-08-18 10:15:14,BID,12.86,5400
2426,2016-08-18 10:15:14,ASK,12.87,9000
2427,2016-08-18 10:15:14,BID,12.86,5800
2428,2016-08-18 10:15:14,ASK,12.87,9500
2429,2016-08-18 10:15:14,BID,12.86,5300
2430,2016-08-18 10:15:14,BID,12.86,4900
2431,2016-08-18 10:15:14,BID,12.86,5000
2432,2016-08-18 10:15:15,ASK,12.87,6600
2433,2016-08-18 10:15:15,BID,12.86,5500
2434,2016-08-18 10:15:15,ASK,12.87,6500
2435,2016-08-18 10:15:16,TRADE,12.86,3800
2436,2016-08-18 10:15:16,TRADE,12.86,1100
2437,2016-08-18 10:15:16,TRADE,12.86,100
2438,2016-08-18 10:15:16,BID,12.86,500
2439,2016-08-18 10:15:16,BID,12.86,600
2440,2016-08-18 10:15:16,BID,12.86,5600
2441,2016-08-18 10:15:16,BID,12.86,6000
2442,2016-08-18 10:15:16,ASK,12.87,6000
2443,2016-08-18 10:15:16,ASK,12.87,7000
2444,2016-08-18 10:15:16,ASK,12.87,6000
2445,2016-08-18 10:15:18,BID,12.86,8400
2446,2016-08-18 10:15:18,ASK,12.87,6500
2447,2016-08-18 10:15:19,ASK,12.87,7500
2448,2016-08-18 10:15:19,TRADE,12.87,300
2449,2016-08-18 10:15:19,TRADE,12.87,200
2450,2016-08-18 10:15:19,ASK,12.87,7000
2451,2016-08-18 10:15:19,BID,12.86,8700
2452,2016-08-18 10:15:19,ASK,12.87,7300
2453,2016-08-18 10:15:19,BID,12.86,9000
2454,2016-08-18 10:15:19,TRADE,12.87,100
2455,2016-08-18 10:15:19,TRADE,12.87,100
2456,2016-08-18 10:15:19,ASK,12.87,7100
2457,2016-08-18 10:15:19,ASK,12.87,7400
2458,2016-08-18 10:15:19,TRADE,12.87,100
2459,2016-08-18 10:15:19,ASK,12.87,7300
2460,2016-08-18 10:15:19,TRADE,12.87,200
2461,2016-08-18 10:15:19,ASK,12.87,7100
2462,2016-08-18 10:15:19,ASK,12.87,7500
2463,2016-08-18 10:15:19,TRADE,12.87,1200
2464,2016-08-18 10:15:19,ASK,12.87,6300
2465,2016-08-18 10:15:19,ASK,12.87,5900
2466,2016-08-18 10:15:19,TRADE,12.87,100
2467,2016-08-18 10:15:19,ASK,12.87,5800
2468,2016-08-18 10:15:19,TRADE,12.87,1200
2469,2016-08-18 10:15:19,ASK,12.87,4600
2470,2016-08-18 10:15:19,ASK,12.87,4300
2471,2016-08-18 10:15:19,BID,12.86,11200
2472,2016-08-18 10:15:19,TRADE,12.87,1200
2473,2016-08-18 10:15:19,ASK,12.87,3100
2474,2016-08-18 10:15:19,TRADE,12.87,1300
2475,2016-08-18 10:15:19,TRADE,12.87,500
2476,2016-08-18 10:15:19,TRADE,12.87,1000
2477,2016-08-18 10:15:19,TRADE,12.87,300
2478,2016-08-18 10:15:19,ASK,12.88,63900
2479,2016-08-18 10:15:19,ASK,12.88,51400
2480,2016-08-18 10:15:19,BID,12.87,200
2481,2016-08-18 10:15:19,BID,12.87,300
2482,2016-08-18 10:15:19,BID,12.87,1500
2483,2016-08-18 10:15:19,ASK,12.88,48700
2484,2016-08-18 10:15:19,ASK,12.88,49700
2485,2016-08-18 10:15:19,ASK,12.88,50700
2486,2016-08-18 10:15:19,ASK,12.88,51700
2487,2016-08-18 10:15:19,ASK,12.88,52700
2488,2016-08-18 10:15:19,ASK,12.88,53700
2489,2016-08-18 10:15:19,BID,12.87,1600
2490,2016-08-18 10:15:19,BID,12.87,2100
2491,2016-08-18 10:15:19,ASK,12.88,54700
2492,2016-08-18 10:15:19,ASK,12.88,53700
2493,2016-08-18 10:15:19,TRADE,12.87,200
2494,2016-08-18 10:15:19,TRADE,12.87,100
2495,2016-08-18 10:15:19,TRADE,12.87,200
2496,2016-08-18 10:15:19,BID,12.87,1600
2497,2016-08-18 10:15:19,ASK,12.88,52700
2498,2016-08-18 10:15:19,BID,12.87,1100
2499,2016-08-18 10:15:19,ASK,12.88,53700
2500,2016-08-18 10:15:19,TRADE,12.87,1000
2501,2016-08-18 10:15:19,TRADE,12.87,100
2502,2016-08-18 10:15:19,BID,12.86,8900
2503,2016-08-18 10:15:19,ASK,12.87,400
2504,2016-08-18 10:15:19,ASK,12.87,5400
2505,2016-08-18 10:15:19,BID,12.86,11300
2506,2016-08-18 10:15:19,ASK,12.87,5700
2507,2016-08-18 10:15:19,ASK,12.87,6000
2508,2016-08-18 10:15:20,ASK,12.87,6500
2509,2016-08-18 10:15:20,ASK,12.87,6000
2510,2016-08-18 10:15:21,ASK,12.87,7000
2511,2016-08-18 10:15:21,ASK,12.87,6000
2512,2016-08-18 10:15:22,BID,12.86,11700
2513,2016-08-18 10:15:22,BID,12.86,14700
2514,2016-08-18 10:15:22,ASK,12.87,5700
2515,2016-08-18 10:15:22,ASK,12.87,5400
2516,2016-08-18 10:15:23,ASK,12.87,6400
2517,2016-08-18 10:15:23,ASK,12.87,6700
2518,2016-08-18 10:15:23,ASK,12.87,6400
2519,2016-08-18 10:15:23,ASK,12.87,7400
2520,2016-08-18 10:15:23,ASK,12.87,7700
2521,2016-08-18 10:15:24,TRADE,12.87,400
2522,2016-08-18 10:15:24,TRADE,12.87,3600
2523,2016-08-18 10:15:24,ASK,12.87,3700
2524,2016-08-18 10:15:24,ASK,12.87,3400
2525,2016-08-18 10:15:24,ASK,12.87,2000
2526,2016-08-18 10:15:25,BID,12.86,15500
2527,2016-08-18 10:15:25,TRADE,12.87,1000
2528,2016-08-18 10:15:25,TRADE,12.87,1000
2529,2016-08-18 10:15:25,BID,12.87,8000
2530,2016-08-18 10:15:25,ASK,12.88,63200
2531,2016-08-18 10:15:25,BID,12.87,8500
2532,2016-08-18 10:15:25,ASK,12.88,50700
2533,2016-08-18 10:15:25,ASK,12.88,49700
2534,2016-08-18 10:15:25,TRADE,12.87,1000
2535,2016-08-18 10:15:25,BID,12.87,7500
2536,2016-08-18 10:15:25,ASK,12.88,50700
2537,2016-08-18 10:15:25,ASK,12.88,51700
2538,2016-08-18 10:15:25,ASK,12.88,50700
2539,2016-08-18 10:15:25,TRADE,12.87,1000
2540,2016-08-18 10:15:25,BID,12.87,6500
2541,2016-08-18 10:15:25,BID,12.87,6000
2542,2016-08-18 10:15:25,TRADE,12.87,1000
2543,2016-08-18 10:15:25,BID,12.87,5000
2544,2016-08-18 10:15:25,TRADE,12.87,1000
2545,2016-08-18 10:15:25,BID,12.87,4000
2546,2016-08-18 10:15:25,ASK,12.88,49700
2547,2016-08-18 10:15:25,TRADE,12.87,1000
2548,2016-08-18 10:15:25,BID,12.87,3000
2549,2016-08-18 10:15:25,TRADE,12.87,1000
2550,2016-08-18 10:15:25,BID,12.87,2000
2551,2016-08-18 10:15:25,ASK,12.88,50700
2552,2016-08-18 10:15:25,BID,12.87,2500
2553,2016-08-18 10:15:25,BID,12.87,2000
2554,2016-08-18 10:15:25,BID,12.87,2500
2555,2016-08-18 10:15:25,BID,12.87,2000
2557,2016-08-18 10:15:25,BID,12.87,4000
2558,2016-08-18 10:15:26,ASK,12.88,63200
2559,2016-08-18 10:15:26,TRADE,12.88,11000
2560,2016-08-18 10:15:26,TRADE,12.88,1000
2561,2016-08-18 10:15:26,TRADE,12.88,1000
2562,2016-08-18 10:15:26,TRADE,12.88,100
2563,2016-08-18 10:15:26,TRADE,12.88,5000
2564,2016-08-18 10:15:26,TRADE,12.88,500
2565,2016-08-18 10:15:26,TRADE,12.88,4800
2566,2016-08-18 10:15:26,ASK,12.88,39800
2567,2016-08-18 10:15:26,BID,12.87,4500
2568,2016-08-18 10:15:26,BID,12.87,4900
2569,2016-08-18 10:15:26,ASK,12.88,44800
2570,2016-08-18 10:15:26,BID,12.87,5200
2571,2016-08-18 10:15:26,BID,12.87,10200
2572,2016-08-18 10:15:26,ASK,12.88,32300
