,Date,Type,Price,Size
0,2016-08-08 10:09:08,TRADE,11.79,400
1,2016-08-08 10:09:08,BID,11.78,1400
2,2016-08-08 10:09:08,ASK,11.79,3200
3,2016-08-08 10:09:08,BID,11.78,1500
4,2016-08-08 10:09:08,TRADE,11.79,200
5,2016-08-08 10:09:08,ASK,11.79,3000
6,2016-08-08 10:09:08,TRADE,11.78,500
7,2016-08-08 10:09:08,BID,11.78,1000
8,2016-08-08 10:09:08,TRADE,11.78,100
9,2016-08-08 10:09:08,BID,11.78,900
10,2016-08-08 10:09:08,TRADE,11.78,400
11,2016-08-08 10:09:08,TRADE,11.78,100
12,2016-08-08 10:09:08,BID,11.78,400
13,2016-08-08 10:09:08,TRADE,11.78,300
14,2016-08-08 10:09:08,TRADE,11.78,100
15,2016-08-08 10:09:08,BID,11.77,300
16,2016-08-08 10:09:08,ASK,11.78,100
17,2016-08-08 10:09:08,TRADE,11.78,100
18,2016-08-08 10:09:08,ASK,11.79,3000
19,2016-08-08 10:09:08,ASK,11.78,400
20,2016-08-08 10:09:08,ASK,11.78,500
21,2016-08-08 10:09:08,TRADE,11.77,100
22,2016-08-08 10:09:08,TRADE,11.77,100
23,2016-08-08 10:09:08,TRADE,11.77,100
24,2016-08-08 10:09:08,BID,11.76,3300
25,2016-08-08 10:09:08,ASK,11.77,300
26,2016-08-08 10:09:08,ASK,11.77,1500
27,2016-08-08 10:09:08,ASK,11.77,2700
28,2016-08-08 10:09:08,TRADE,11.76,300
29,2016-08-08 10:09:08,BID,11.76,3000
30,2016-08-08 10:09:09,TRADE,11.77,200
31,2016-08-08 10:09:09,ASK,11.77,2500
32,2016-08-08 10:09:09,TRADE,11.77,100
33,2016-08-08 10:09:09,TRADE,11.77,1200
34,2016-08-08 10:09:09,TRADE,11.77,1200
35,2016-08-08 10:09:09,ASK,11.78,500
36,2016-08-08 10:09:09,TRADE,11.78,400
37,2016-08-08 10:09:09,TRADE,11.78,100
38,2016-08-08 10:09:09,ASK,11.8,69600
39,2016-08-08 10:09:09,TRADE,11.8,2500
40,2016-08-08 10:09:09,TRADE,11.8,300
41,2016-08-08 10:09:09,TRADE,11.8,200
42,2016-08-08 10:09:09,TRADE,11.8,700
41,2016-08-08 10:09:09,ASK,11.8,65900
42,2016-08-08 10:09:09,ASK,11.78,500
43,2016-08-08 10:09:09,ASK,11.78,1000
44,2016-08-08 10:09:09,ASK,11.78,1100
45,2016-08-08 10:09:09,TRADE,11.78,500
46,2016-08-08 10:09:09,TRADE,11.78,500
47,2016-08-08 10:09:09,TRADE,11.78,100
48,2016-08-08 10:09:09,ASK,11.8,65900
49,2016-08-08 10:09:09,TRADE,11.8,1700
50,2016-08-08 10:09:09,TRADE,11.8,1400
51,2016-08-08 10:09:09,TRADE,11.8,800
52,2016-08-08 10:09:09,TRADE,11.8,300
53,2016-08-08 10:09:09,TRADE,11.8,6000
54,2016-08-08 10:09:09,TRADE,11.8,5000
55,2016-08-08 10:09:09,TRADE,11.8,400
55,2016-08-08 10:09:09,ASK,11.8,50300
56,2016-08-08 10:09:09,ASK,11.79,500
57,2016-08-08 10:09:09,ASK,11.78,200
58,2016-08-08 10:09:09,BID,11.76,4700
59,2016-08-08 10:09:10,BID,11.77,100
60,2016-08-08 10:09:10,TRADE,11.78,200
61,2016-08-08 10:09:10,ASK,11.79,600
62,2016-08-08 10:09:10,TRADE,11.79,500
63,2016-08-08 10:09:10,TRADE,11.79,100
64,2016-08-08 10:09:10,ASK,11.8,50300
65,2016-08-08 10:09:10,TRADE,11.8,200
64,2016-08-08 10:09:10,ASK,11.8,50100
65,2016-08-08 10:09:10,ASK,11.79,500
66,2016-08-08 10:09:10,ASK,11.79,1000
67,2016-08-08 10:09:11,TRADE,11.79,500
68,2016-08-08 10:09:11,TRADE,11.79,500
69,2016-08-08 10:09:11,ASK,11.8,50100
70,2016-08-08 10:09:11,TRADE,11.8,2200
70,2016-08-08 10:09:11,ASK,11.8,47900
71,2016-08-08 10:09:11,ASK,11.79,500
72,2016-08-08 10:09:11,ASK,11.79,1000
73,2016-08-08 10:09:11,TRADE,11.77,100
74,2016-08-08 10:09:11,BID,11.76,4700
75,2016-08-08 10:09:12,ASK,11.79,1200
76,2016-08-08 10:09:13,BID,11.77,500
77,2016-08-08 10:09:14,BID,11.77,600
78,2016-08-08 10:09:14,TRADE,11.79,500
79,2016-08-08 10:09:14,ASK,11.79,700
80,2016-08-08 10:09:14,ASK,11.79,1200
81,2016-08-08 10:09:20,ASK,11.79,8400
82,2016-08-08 10:09:20,ASK,11.79,13800
83,2016-08-08 10:09:20,ASK,11.78,1500
84,2016-08-08 10:09:20,TRADE,11.77,400
85,2016-08-08 10:09:20,BID,11.77,200
86,2016-08-08 10:09:21,ASK,11.78,1700
87,2016-08-08 10:09:21,BID,11.77,5200
88,2016-08-08 10:09:21,TRADE,11.77,100
89,2016-08-08 10:09:21,BID,11.77,5100
90,2016-08-08 10:09:22,TRADE,11.77,100
91,2016-08-08 10:09:22,TRADE,11.77,3500
92,2016-08-08 10:09:22,BID,11.77,1500
93,2016-08-08 10:09:23,TRADE,11.77,100
94,2016-08-08 10:09:23,BID,11.77,1400
95,2016-08-08 10:09:23,TRADE,11.77,400
96,2016-08-08 10:09:23,BID,11.77,1000
97,2016-08-08 10:09:24,BID,11.77,1100
98,2016-08-08 10:09:25,TRADE,11.77,700
99,2016-08-08 10:09:25,BID,11.77,400
100,2016-08-08 10:09:26,TRADE,11.77,100
101,2016-08-08 10:09:26,BID,11.77,300
102,2016-08-08 10:09:27,TRADE,11.77,100
103,2016-08-08 10:09:27,BID,11.77,200
104,2016-08-08 10:09:28,TRADE,11.78,1500
105,2016-08-08 10:09:28,TRADE,11.78,200
106,2016-08-08 10:09:28,BID,11.78,3300
107,2016-08-08 10:09:28,ASK,11.79,13800
108,2016-08-08 10:09:28,TRADE,11.78,200
109,2016-08-08 10:09:28,BID,11.78,3100
110,2016-08-08 10:09:28,TRADE,11.78,3100
111,2016-08-08 10:09:28,BID,11.77,200
112,2016-08-08 10:09:28,ASK,11.78,5000
113,2016-08-08 10:09:28,ASK,11.78,5100
114,2016-08-08 10:09:28,TRADE,11.77,100
115,2016-08-08 10:09:28,TRADE,11.77,100
116,2016-08-08 10:09:28,BID,11.76,9400
117,2016-08-08 10:09:28,TRADE,11.76,2700
118,2016-08-08 10:09:28,TRADE,11.76,600
118,2016-08-08 10:09:28,BID,11.76,6100
119,2016-08-08 10:09:29,ASK,11.78,11000
120,2016-08-08 10:09:29,ASK,11.78,11100
121,2016-08-08 10:09:29,BID,11.76,6200
123,2016-08-08 10:09:32,TRADE,11.76,1100
124,2016-08-08 10:09:32,TRADE,11.76,100
125,2016-08-08 10:09:32,BID,11.76,5000
126,2016-08-08 10:09:33,TRADE,11.76,4900
127,2016-08-08 10:09:33,TRADE,11.76,100
128,2016-08-08 10:09:33,BID,11.75,19600
129,2016-08-08 10:09:33,BID,11.76,5000
130,2016-08-08 10:09:33,ASK,11.78,11200
131,2016-08-08 10:09:33,ASK,11.78,13200
132,2016-08-08 10:09:34,TRADE,11.76,200
133,2016-08-08 10:09:34,BID,11.76,4800
134,2016-08-08 10:09:34,BID,11.76,4900
135,2016-08-08 10:09:35,TRADE,11.76,4800
136,2016-08-08 10:09:35,TRADE,11.76,100
137,2016-08-08 10:09:35,BID,11.75,19600
138,2016-08-08 10:09:35,TRADE,11.75,1000
139,2016-08-08 10:09:35,TRADE,11.75,10000
140,2016-08-08 10:09:35,TRADE,11.75,1000
141,2016-08-08 10:09:35,TRADE,11.75,100
142,2016-08-08 10:09:35,TRADE,11.75,1000
143,2016-08-08 10:09:35,TRADE,11.75,2000
143,2016-08-08 10:09:35,BID,11.75,4500
144,2016-08-08 10:09:35,TRADE,11.75,2000
145,2016-08-08 10:09:35,BID,11.75,2500
146,2016-08-08 10:09:36,TRADE,11.75,2500
147,2016-08-08 10:09:36,BID,11.74,800
148,2016-08-08 10:09:36,TRADE,11.74,500
149,2016-08-08 10:09:36,TRADE,11.74,300
150,2016-08-08 10:09:36,BID,11.73,6400
151,2016-08-08 10:09:36,TRADE,11.73,3300
152,2016-08-08 10:09:36,TRADE,11.73,1400
151,2016-08-08 10:09:36,BID,11.73,1700
152,2016-08-08 10:09:36,ASK,11.77,100
153,2016-08-08 10:09:36,ASK,11.78,13200
154,2016-08-08 10:09:36,BID,11.73,2200
155,2016-08-08 10:09:36,BID,11.73,2700
156,2016-08-08 10:09:36,BID,11.73,2600
157,2016-08-08 10:09:36,BID,11.73,2100
158,2016-08-08 10:09:36,BID,11.73,1600
159,2016-08-08 10:09:36,ASK,11.78,13100
160,2016-08-08 10:09:36,ASK,11.78,13400
161,2016-08-08 10:09:36,TRADE,11.78,200
162,2016-08-08 10:09:36,ASK,11.78,13200
163,2016-08-08 10:09:36,BID,11.74,100
164,2016-08-08 10:09:36,ASK,11.78,13400
165,2016-08-08 10:09:36,BID,11.73,1600
166,2016-08-08 10:09:36,BID,11.73,1700
167,2016-08-08 10:09:36,ASK,11.78,13900
168,2016-08-08 10:09:36,ASK,11.78,14400
169,2016-08-08 10:09:37,ASK,11.78,18400
170,2016-08-08 10:09:37,ASK,11.77,10000
171,2016-08-08 10:09:37,TRADE,11.77,2000
172,2016-08-08 10:09:37,ASK,11.77,8000
173,2016-08-08 10:09:37,ASK,11.77,8100
174,2016-08-08 10:09:37,ASK,11.77,8200
175,2016-08-08 10:09:37,ASK,11.77,8500
176,2016-08-08 10:09:37,ASK,11.77,13700
177,2016-08-08 10:09:38,ASK,11.77,38700
178,2016-08-08 10:09:38,ASK,11.76,5000
179,2016-08-08 10:09:38,ASK,11.76,5100
180,2016-08-08 10:09:38,ASK,11.76,5200
181,2016-08-08 10:09:38,ASK,11.76,5500
182,2016-08-08 10:09:39,BID,11.74,1700
183,2016-08-08 10:09:39,ASK,11.75,4900
184,2016-08-08 10:09:39,TRADE,11.74,1700
185,2016-08-08 10:09:39,BID,11.73,1700
186,2016-08-08 10:09:39,ASK,11.74,900
187,2016-08-08 10:09:39,TRADE,11.74,900
188,2016-08-08 10:09:39,ASK,11.75,4900
189,2016-08-08 10:09:39,ASK,11.75,5000
190,2016-08-08 10:09:39,ASK,11.75,5100
191,2016-08-08 10:09:39,ASK,11.75,5400
192,2016-08-08 10:09:40,TRADE,11.75,2500
193,2016-08-08 10:09:40,ASK,11.75,2900
194,2016-08-08 10:09:40,BID,11.74,100
195,2016-08-08 10:09:40,TRADE,11.74,100
196,2016-08-08 10:09:40,BID,11.73,1700
197,2016-08-08 10:09:40,ASK,11.74,500
198,2016-08-08 10:09:40,TRADE,11.74,500
199,2016-08-08 10:09:40,ASK,11.75,2900
200,2016-08-08 10:09:42,TRADE,11.75,2400
201,2016-08-08 10:09:42,TRADE,11.75,100
202,2016-08-08 10:09:42,TRADE,11.75,100
203,2016-08-08 10:09:42,TRADE,11.75,300
204,2016-08-08 10:09:42,BID,11.75,17100
205,2016-08-08 10:09:42,ASK,11.76,5000
206,2016-08-08 10:09:42,TRADE,11.76,5000
207,2016-08-08 10:09:42,ASK,11.77,42600
208,2016-08-08 10:09:42,TRADE,11.77,8000
209,2016-08-08 10:09:42,TRADE,11.77,25000
210,2016-08-08 10:09:42,TRADE,11.77,5600
211,2016-08-08 10:09:42,TRADE,11.77,4000
211,2016-08-08 10:09:42,BID,11.77,2400
212,2016-08-08 10:09:42,ASK,11.78,11000
213,2016-08-08 10:09:42,TRADE,11.77,2400
214,2016-08-08 10:09:42,BID,11.77,2500
215,2016-08-08 10:09:42,TRADE,11.77,2400
216,2016-08-08 10:09:42,BID,11.77,100
217,2016-08-08 10:09:42,TRADE,11.77,100
218,2016-08-08 10:09:42,BID,11.77,2500
219,2016-08-08 10:09:42,TRADE,11.77,2400
220,2016-08-08 10:09:42,BID,11.77,100
221,2016-08-08 10:09:42,TRADE,11.77,100
222,2016-08-08 10:09:42,BID,11.77,2500
223,2016-08-08 10:09:42,ASK,11.78,11500
224,2016-08-08 10:09:42,TRADE,11.77,100
225,2016-08-08 10:09:42,BID,11.77,2400
226,2016-08-08 10:09:42,TRADE,11.77,2400
227,2016-08-08 10:09:42,BID,11.77,2500
228,2016-08-08 10:09:42,TRADE,11.77,100
229,2016-08-08 10:09:42,BID,11.77,2400
230,2016-08-08 10:09:42,TRADE,11.77,2400
231,2016-08-08 10:09:42,BID,11.77,2500
232,2016-08-08 10:09:42,TRADE,11.77,2500
233,2016-08-08 10:09:42,ASK,11.78,12000
234,2016-08-08 10:09:42,TRADE,11.77,2500
235,2016-08-08 10:09:42,ASK,11.78,11500
236,2016-08-08 10:09:42,TRADE,11.77,2500
237,2016-08-08 10:09:42,TRADE,11.77,2500
238,2016-08-08 10:09:42,TRADE,11.77,2500
239,2016-08-08 10:09:42,TRADE,11.77,2500
240,2016-08-08 10:09:42,TRADE,11.77,2500
241,2016-08-08 10:09:42,TRADE,11.77,2500
242,2016-08-08 10:09:42,ASK,11.78,11000
243,2016-08-08 10:09:42,TRADE,11.77,200
244,2016-08-08 10:09:42,BID,11.77,2300
245,2016-08-08 10:09:42,TRADE,11.77,100
246,2016-08-08 10:09:42,BID,11.77,2200
247,2016-08-08 10:09:42,TRADE,11.77,100
248,2016-08-08 10:09:42,BID,11.77,2100
249,2016-08-08 10:09:42,TRADE,11.77,1500
250,2016-08-08 10:09:42,BID,11.77,600
251,2016-08-08 10:09:42,TRADE,11.77,600
252,2016-08-08 10:09:42,BID,11.77,2500
253,2016-08-08 10:09:43,TRADE,11.77,100
254,2016-08-08 10:09:43,BID,11.77,2400
255,2016-08-08 10:09:43,TRADE,11.77,2400
256,2016-08-08 10:09:43,BID,11.77,2500
257,2016-08-08 10:09:43,TRADE,11.77,2500
258,2016-08-08 10:09:43,TRADE,11.77,2500
259,2016-08-08 10:09:43,TRADE,11.77,1100
260,2016-08-08 10:09:43,BID,11.77,1400
261,2016-08-08 10:09:43,TRADE,11.77,100
262,2016-08-08 10:09:43,BID,11.77,1300
263,2016-08-08 10:09:43,TRADE,11.77,1300
264,2016-08-08 10:09:43,BID,11.77,2500
265,2016-08-08 10:09:43,TRADE,11.77,100
266,2016-08-08 10:09:43,BID,11.77,2400
267,2016-08-08 10:09:43,TRADE,11.77,2400
268,2016-08-08 10:09:43,BID,11.77,2500
269,2016-08-08 10:09:43,TRADE,11.77,2500
270,2016-08-08 10:09:43,TRADE,11.77,2500
271,2016-08-08 10:09:43,TRADE,11.77,2500
272,2016-08-08 10:09:43,TRADE,11.77,2500
273,2016-08-08 10:09:43,TRADE,11.77,700
274,2016-08-08 10:09:43,BID,11.77,1800
275,2016-08-08 10:09:43,ASK,11.78,12100
276,2016-08-08 10:09:43,TRADE,11.77,100
277,2016-08-08 10:09:43,BID,11.77,1700
278,2016-08-08 10:09:43,TRADE,11.77,900
279,2016-08-08 10:09:43,BID,11.77,800
280,2016-08-08 10:09:43,TRADE,11.77,800
281,2016-08-08 10:09:43,BID,11.77,2500
282,2016-08-08 10:09:43,TRADE,11.77,100
283,2016-08-08 10:09:43,BID,11.77,2400
284,2016-08-08 10:09:43,TRADE,11.77,1700
285,2016-08-08 10:09:43,BID,11.77,700
286,2016-08-08 10:09:43,TRADE,11.77,700
287,2016-08-08 10:09:43,BID,11.77,2500
288,2016-08-08 10:09:43,TRADE,11.77,100
289,2016-08-08 10:09:43,BID,11.77,2400
290,2016-08-08 10:09:43,TRADE,11.77,100
291,2016-08-08 10:09:43,BID,11.77,2300
292,2016-08-08 10:09:43,TRADE,11.77,1200
293,2016-08-08 10:09:43,BID,11.77,1100
294,2016-08-08 10:09:43,TRADE,11.77,1100
295,2016-08-08 10:09:43,BID,11.77,2500
296,2016-08-08 10:09:43,TRADE,11.77,600
297,2016-08-08 10:09:43,BID,11.77,1900
298,2016-08-08 10:09:43,TRADE,11.77,1900
299,2016-08-08 10:09:43,BID,11.77,2500
300,2016-08-08 10:09:43,TRADE,11.77,600
301,2016-08-08 10:09:43,BID,11.77,1900
302,2016-08-08 10:09:43,TRADE,11.77,100
303,2016-08-08 10:09:43,BID,11.77,1800
304,2016-08-08 10:09:43,TRADE,11.77,1800
305,2016-08-08 10:09:43,BID,11.77,2500
306,2016-08-08 10:09:43,TRADE,11.77,1000
307,2016-08-08 10:09:43,BID,11.77,1500
308,2016-08-08 10:09:43,TRADE,11.77,100
309,2016-08-08 10:09:43,BID,11.77,1400
310,2016-08-08 10:09:43,TRADE,11.77,1400
311,2016-08-08 10:09:43,BID,11.77,2500
312,2016-08-08 10:09:43,TRADE,11.77,100
313,2016-08-08 10:09:43,BID,11.77,2400
314,2016-08-08 10:09:44,TRADE,11.77,500
315,2016-08-08 10:09:44,BID,11.77,1900
316,2016-08-08 10:09:44,ASK,11.78,12300
317,2016-08-08 10:09:44,TRADE,11.77,600
318,2016-08-08 10:09:44,BID,11.77,1300
319,2016-08-08 10:09:44,TRADE,11.77,1300
320,2016-08-08 10:09:44,BID,11.77,2500
321,2016-08-08 10:09:44,TRADE,11.77,1000
322,2016-08-08 10:09:44,BID,11.77,1500
323,2016-08-08 10:09:44,TRADE,11.77,700
324,2016-08-08 10:09:44,BID,11.77,800
325,2016-08-08 10:09:44,TRADE,11.77,800
326,2016-08-08 10:09:44,BID,11.77,2500
327,2016-08-08 10:09:45,TRADE,11.77,400
328,2016-08-08 10:09:45,BID,11.77,2100
329,2016-08-08 10:09:45,ASK,11.78,12900
330,2016-08-08 10:09:46,BID,11.77,2200
331,2016-08-08 10:09:47,TRADE,11.77,1200
332,2016-08-08 10:09:47,BID,11.77,1000
333,2016-08-08 10:09:47,TRADE,11.77,500
334,2016-08-08 10:09:47,BID,11.77,500
335,2016-08-08 10:09:47,TRADE,11.77,400
336,2016-08-08 10:09:47,TRADE,11.77,100
337,2016-08-08 10:09:47,BID,11.77,2500
338,2016-08-08 10:09:47,TRADE,11.77,400
339,2016-08-08 10:09:47,BID,11.77,2100
340,2016-08-08 10:09:47,TRADE,11.77,500
341,2016-08-08 10:09:47,BID,11.77,1600
342,2016-08-08 10:09:47,TRADE,11.77,1600
343,2016-08-08 10:09:47,BID,11.77,2500
344,2016-08-08 10:09:48,TRADE,11.77,1000
345,2016-08-08 10:09:48,BID,11.77,1500
346,2016-08-08 10:09:48,TRADE,11.77,700
347,2016-08-08 10:09:48,BID,11.77,800
348,2016-08-08 10:09:48,TRADE,11.77,800
349,2016-08-08 10:09:48,BID,11.77,2500
350,2016-08-08 10:09:48,TRADE,11.77,700
351,2016-08-08 10:09:48,BID,11.77,1800
352,2016-08-08 10:09:48,TRADE,11.77,200
353,2016-08-08 10:09:48,BID,11.77,1600
354,2016-08-08 10:09:48,ASK,11.78,13000
355,2016-08-08 10:09:48,TRADE,11.77,700
356,2016-08-08 10:09:48,BID,11.77,900
357,2016-08-08 10:09:48,TRADE,11.77,900
358,2016-08-08 10:09:48,BID,11.77,2500
359,2016-08-08 10:09:48,TRADE,11.77,1000
360,2016-08-08 10:09:48,BID,11.77,1500
361,2016-08-08 10:09:48,ASK,11.78,13500
362,2016-08-08 10:09:48,ASK,11.78,14000
363,2016-08-08 10:09:48,ASK,11.78,13500
364,2016-08-08 10:09:48,ASK,11.78,13000
365,2016-08-08 10:09:49,TRADE,11.77,200
366,2016-08-08 10:09:49,BID,11.77,1300
367,2016-08-08 10:09:49,TRADE,11.77,1300
368,2016-08-08 10:09:49,BID,11.77,2500
369,2016-08-08 10:09:49,TRADE,11.77,1600
370,2016-08-08 10:09:49,BID,11.77,900
371,2016-08-08 10:09:49,TRADE,11.77,200
372,2016-08-08 10:09:49,BID,11.77,700
373,2016-08-08 10:09:50,TRADE,11.77,100
374,2016-08-08 10:09:50,BID,11.77,600
375,2016-08-08 10:09:50,TRADE,11.77,600
376,2016-08-08 10:09:50,BID,11.77,2500
377,2016-08-08 10:09:50,ASK,11.78,13100
378,2016-08-08 10:09:50,TRADE,11.77,100
379,2016-08-08 10:09:50,BID,11.77,2400
380,2016-08-08 10:09:51,ASK,11.78,14600
381,2016-08-08 10:09:52,TRADE,11.77,2400
382,2016-08-08 10:09:52,BID,11.77,2500
383,2016-08-08 10:09:52,TRADE,11.77,2500
384,2016-08-08 10:09:52,TRADE,11.77,100
385,2016-08-08 10:09:52,BID,11.77,2400
386,2016-08-08 10:09:52,TRADE,11.77,1600
387,2016-08-08 10:09:52,BID,11.77,800
388,2016-08-08 10:09:52,ASK,11.78,15600
389,2016-08-08 10:09:52,TRADE,11.77,300
390,2016-08-08 10:09:52,BID,11.77,500
391,2016-08-08 10:09:53,TRADE,11.77,300
392,2016-08-08 10:09:53,BID,11.77,200
393,2016-08-08 10:09:53,ASK,11.78,15700
394,2016-08-08 10:09:53,TRADE,11.77,200
395,2016-08-08 10:09:53,BID,11.77,2500
396,2016-08-08 10:09:53,TRADE,11.77,2500
397,2016-08-08 10:09:53,BID,11.76,5000
398,2016-08-08 10:09:53,ASK,11.77,2300
399,2016-08-08 10:09:53,ASK,11.77,7300
400,2016-08-08 10:09:53,TRADE,11.77,2300
401,2016-08-08 10:09:53,TRADE,11.77,2700
402,2016-08-08 10:09:53,ASK,11.77,2300
403,2016-08-08 10:09:54,ASK,11.77,3600
404,2016-08-08 10:09:54,ASK,11.77,9000
405,2016-08-08 10:09:54,ASK,11.77,10100
406,2016-08-08 10:09:54,ASK,11.77,10300
407,2016-08-08 10:09:54,ASK,11.77,10400
408,2016-08-08 10:09:54,ASK,11.77,10500
409,2016-08-08 10:09:54,ASK,11.77,10600
410,2016-08-08 10:09:54,BID,11.76,5100
411,2016-08-08 10:09:54,ASK,11.77,18600
412,2016-08-08 10:09:54,TRADE,11.76,1200
413,2016-08-08 10:09:54,BID,11.76,3900
414,2016-08-08 10:09:54,BID,11.76,100
415,2016-08-08 10:09:54,TRADE,11.76,100
416,2016-08-08 10:09:54,BID,11.75,17100
417,2016-08-08 10:09:54,BID,11.75,22100
418,2016-08-08 10:09:55,ASK,11.77,18700
419,2016-08-08 10:09:55,ASK,11.77,19500
420,2016-08-08 10:09:55,TRADE,11.77,200
421,2016-08-08 10:09:55,ASK,11.77,19300
422,2016-08-08 10:09:55,BID,11.75,22200
423,2016-08-08 10:09:57,ASK,11.76,7200
424,2016-08-08 10:09:57,ASK,11.76,12200
425,2016-08-08 10:09:57,ASK,11.76,13300
426,2016-08-08 10:09:57,ASK,11.76,13500
427,2016-08-08 10:09:57,ASK,11.76,13600
428,2016-08-08 10:09:57,ASK,11.76,13700
429,2016-08-08 10:09:57,ASK,11.76,13900
430,2016-08-08 10:09:59,ASK,11.76,19100
431,2016-08-08 10:09:59,TRADE,11.76,2000
432,2016-08-08 10:09:59,ASK,11.76,17100
433,2016-08-08 10:09:59,TRADE,11.76,500
434,2016-08-08 10:09:59,BID,11.75,22100
435,2016-08-08 10:09:59,ASK,11.76,16600
436,2016-08-08 10:09:59,BID,11.75,22200
437,2016-08-08 10:10:00,TRADE,11.75,100
438,2016-08-08 10:10:00,BID,11.75,22100
439,2016-08-08 10:10:00,TRADE,11.75,100
440,2016-08-08 10:10:00,BID,11.75,22000
441,2016-08-08 10:10:00,TRADE,11.75,100
442,2016-08-08 10:10:00,BID,11.75,21900
443,2016-08-08 10:10:00,TRADE,11.75,16800
444,2016-08-08 10:10:00,TRADE,11.75,5000
445,2016-08-08 10:10:00,TRADE,11.75,100
446,2016-08-08 10:10:00,BID,11.74,1000
447,2016-08-08 10:10:00,ASK,11.75,100
448,2016-08-08 10:10:00,ASK,11.75,5100
449,2016-08-08 10:10:00,BID,11.74,6000
450,2016-08-08 10:10:00,ASK,11.75,5200
451,2016-08-08 10:10:00,ASK,11.75,5300
452,2016-08-08 10:10:00,TRADE,11.75,100
453,2016-08-08 10:10:00,TRADE,11.75,3100
454,2016-08-08 10:10:00,ASK,11.75,2100
455,2016-08-08 10:10:00,TRADE,11.75,1900
456,2016-08-08 10:10:00,TRADE,11.75,100
457,2016-08-08 10:10:00,TRADE,11.75,100
458,2016-08-08 10:10:00,ASK,11.76,16600
459,2016-08-08 10:10:00,TRADE,11.76,700
460,2016-08-08 10:10:00,ASK,11.76,15900
461,2016-08-08 10:10:00,ASK,11.76,14800
462,2016-08-08 10:10:00,ASK,11.76,14600
463,2016-08-08 10:10:00,ASK,11.76,14500
464,2016-08-08 10:10:00,ASK,11.76,14400
465,2016-08-08 10:10:00,ASK,11.76,14200
466,2016-08-08 10:10:00,TRADE,11.76,100
467,2016-08-08 10:10:00,ASK,11.76,14100
468,2016-08-08 10:10:01,TRADE,11.74,1000
469,2016-08-08 10:10:01,TRADE,11.74,5000
470,2016-08-08 10:10:01,BID,11.73,3600
471,2016-08-08 10:10:01,TRADE,11.73,1600
472,2016-08-08 10:10:01,TRADE,11.73,2000
473,2016-08-08 10:10:01,BID,11.72,11600
474,2016-08-08 10:10:01,TRADE,11.72,100
475,2016-08-08 10:10:01,TRADE,11.72,500
476,2016-08-08 10:10:01,TRADE,11.72,6000
477,2016-08-08 10:10:01,TRADE,11.72,3800
476,2016-08-08 10:10:01,BID,11.72,1200
477,2016-08-08 10:10:01,TRADE,11.76,1900
478,2016-08-08 10:10:01,ASK,11.76,12200
479,2016-08-08 10:10:01,BID,11.73,100
480,2016-08-08 10:10:01,TRADE,11.76,2000
481,2016-08-08 10:10:01,TRADE,11.76,300
482,2016-08-08 10:10:01,ASK,11.76,9900
483,2016-08-08 10:10:01,TRADE,11.76,400
484,2016-08-08 10:10:01,ASK,11.76,9500
485,2016-08-08 10:10:01,TRADE,11.73,100
486,2016-08-08 10:10:01,BID,11.72,1700
487,2016-08-08 10:10:01,TRADE,11.72,100
487,2016-08-08 10:10:01,BID,11.72,1600
488,2016-08-08 10:10:01,TRADE,11.76,100
489,2016-08-08 10:10:01,ASK,11.76,9400
490,2016-08-08 10:10:01,TRADE,11.76,100
491,2016-08-08 10:10:01,ASK,11.76,9300
492,2016-08-08 10:10:02,BID,11.73,300
493,2016-08-08 10:10:03,TRADE,11.73,300
494,2016-08-08 10:10:03,BID,11.72,3800
495,2016-08-08 10:10:03,TRADE,11.72,1100
496,2016-08-08 10:10:03,TRADE,11.72,500
497,2016-08-08 10:10:03,TRADE,11.72,1900
497,2016-08-08 10:10:03,BID,11.72,300
498,2016-08-08 10:10:03,BID,11.72,800
499,2016-08-08 10:10:03,TRADE,11.76,400
500,2016-08-08 10:10:03,ASK,11.76,8900
501,2016-08-08 10:10:03,BID,11.73,100
502,2016-08-08 10:10:03,TRADE,11.76,100
503,2016-08-08 10:10:03,ASK,11.76,8800
504,2016-08-08 10:10:03,BID,11.72,800
505,2016-08-08 10:10:03,BID,11.73,400
506,2016-08-08 10:10:03,TRADE,11.76,3500
507,2016-08-08 10:10:03,ASK,11.76,5300
508,2016-08-08 10:10:03,TRADE,11.76,100
509,2016-08-08 10:10:03,TRADE,11.76,600
510,2016-08-08 10:10:03,BID,11.72,800
511,2016-08-08 10:10:03,ASK,11.76,4600
512,2016-08-08 10:10:03,ASK,11.76,4700
513,2016-08-08 10:10:03,TRADE,11.76,100
514,2016-08-08 10:10:03,ASK,11.76,4600
515,2016-08-08 10:10:03,BID,11.73,100
516,2016-08-08 10:10:03,BID,11.73,500
517,2016-08-08 10:10:03,BID,11.73,400
518,2016-08-08 10:10:04,TRADE,11.73,400
519,2016-08-08 10:10:04,BID,11.72,800
520,2016-08-08 10:10:04,TRADE,11.72,300
521,2016-08-08 10:10:04,TRADE,11.72,400
521,2016-08-08 10:10:04,BID,11.72,100
522,2016-08-08 10:10:04,BID,11.72,400
523,2016-08-08 10:10:04,BID,11.72,300
524,2016-08-08 10:10:04,BID,11.72,400
525,2016-08-08 10:10:04,ASK,11.75,1600
526,2016-08-08 10:10:04,TRADE,11.75,100
527,2016-08-08 10:10:04,ASK,11.75,1500
528,2016-08-08 10:10:05,ASK,11.75,1600
529,2016-08-08 10:10:05,ASK,11.75,1700
530,2016-08-08 10:10:06,ASK,11.75,6200
531,2016-08-08 10:10:06,TRADE,11.75,1500
532,2016-08-08 10:10:06,TRADE,11.75,100
533,2016-08-08 10:10:06,TRADE,11.75,100
534,2016-08-08 10:10:06,TRADE,11.75,300
535,2016-08-08 10:10:06,ASK,11.75,4200
536,2016-08-08 10:10:06,TRADE,11.75,200
537,2016-08-08 10:10:06,BID,11.72,100
538,2016-08-08 10:10:06,ASK,11.75,4000
539,2016-08-08 10:10:06,TRADE,11.72,100
540,2016-08-08 10:10:06,BID,11.71,5000
541,2016-08-08 10:10:06,BID,11.72,5000
542,2016-08-08 10:10:06,BID,11.72,6900
543,2016-08-08 10:10:06,TRADE,11.75,100
544,2016-08-08 10:10:06,ASK,11.75,3900
545,2016-08-08 10:10:06,BID,11.73,500
546,2016-08-08 10:10:06,BID,11.73,5500
547,2016-08-08 10:10:07,TRADE,11.73,200
548,2016-08-08 10:10:07,BID,11.73,5300
549,2016-08-08 10:10:08,ASK,11.75,4000
550,2016-08-08 10:10:08,ASK,11.75,9000
551,2016-08-08 10:10:08,BID,11.73,5600
552,2016-08-08 10:10:08,BID,11.73,5900
553,2016-08-08 10:10:08,BID,11.73,6300
554,2016-08-08 10:10:08,ASK,11.75,14000
555,2016-08-08 10:10:08,TRADE,11.75,2100
556,2016-08-08 10:10:08,ASK,11.75,11900
557,2016-08-08 10:10:08,TRADE,11.75,100
558,2016-08-08 10:10:08,ASK,11.75,11800
559,2016-08-08 10:10:08,TRADE,11.75,200
560,2016-08-08 10:10:08,BID,11.73,6000
561,2016-08-08 10:10:08,ASK,11.75,11600
562,2016-08-08 10:10:08,BID,11.74,2100
563,2016-08-08 10:10:08,BID,11.74,4400
564,2016-08-08 10:10:08,BID,11.74,4800
565,2016-08-08 10:10:08,BID,11.74,5100
566,2016-08-08 10:10:08,BID,11.74,5400
567,2016-08-08 10:10:08,TRADE,11.75,1500
568,2016-08-08 10:10:08,TRADE,11.75,100
569,2016-08-08 10:10:08,TRADE,11.75,500
570,2016-08-08 10:10:08,BID,11.74,3300
571,2016-08-08 10:10:08,ASK,11.75,9500
572,2016-08-08 10:10:08,BID,11.74,8300
573,2016-08-08 10:10:08,BID,11.74,6000
574,2016-08-08 10:10:08,ASK,11.75,4500
575,2016-08-08 10:10:08,BID,11.74,8500
576,2016-08-08 10:10:08,TRADE,11.75,100
577,2016-08-08 10:10:08,ASK,11.75,4400
578,2016-08-08 10:10:08,TRADE,11.74,200
579,2016-08-08 10:10:08,BID,11.74,8300
580,2016-08-08 10:10:08,BID,11.74,5800
581,2016-08-08 10:10:08,ASK,11.75,4700
582,2016-08-08 10:10:08,ASK,11.75,5100
583,2016-08-08 10:10:08,ASK,11.75,5400
584,2016-08-08 10:10:08,TRADE,11.75,400
585,2016-08-08 10:10:08,ASK,11.75,5000
586,2016-08-08 10:10:08,TRADE,11.75,100
587,2016-08-08 10:10:08,ASK,11.75,4900
588,2016-08-08 10:10:08,TRADE,11.75,600
589,2016-08-08 10:10:08,ASK,11.75,4300
590,2016-08-08 10:10:09,TRADE,11.75,100
591,2016-08-08 10:10:09,ASK,11.75,4200
592,2016-08-08 10:10:09,ASK,11.75,4700
593,2016-08-08 10:10:09,ASK,11.75,9700
594,2016-08-08 10:10:09,BID,11.74,6600
595,2016-08-08 10:10:09,ASK,11.75,9200
596,2016-08-08 10:10:10,TRADE,11.75,1000
597,2016-08-08 10:10:10,ASK,11.75,8200
598,2016-08-08 10:10:10,ASK,11.75,8300
599,2016-08-08 10:10:11,ASK,11.75,12100
600,2016-08-08 10:10:11,BID,11.74,6300
601,2016-08-08 10:10:12,ASK,11.75,12200
602,2016-08-08 10:10:12,BID,11.74,6100
603,2016-08-08 10:10:12,BID,11.74,6500
604,2016-08-08 10:10:12,TRADE,11.74,300
605,2016-08-08 10:10:12,TRADE,11.74,5000
606,2016-08-08 10:10:12,TRADE,11.74,800
607,2016-08-08 10:10:12,TRADE,11.74,400
608,2016-08-08 10:10:12,BID,11.73,6000
609,2016-08-08 10:10:12,TRADE,11.73,5000
610,2016-08-08 10:10:12,TRADE,11.73,300
611,2016-08-08 10:10:12,TRADE,11.73,300
612,2016-08-08 10:10:12,TRADE,11.73,400
613,2016-08-08 10:10:12,BID,11.72,7000
614,2016-08-08 10:10:12,TRADE,11.72,5000
615,2016-08-08 10:10:12,TRADE,11.72,1900
616,2016-08-08 10:10:12,TRADE,11.72,100
617,2016-08-08 10:10:12,BID,11.71,5000
618,2016-08-08 10:10:12,TRADE,11.71,5000
619,2016-08-08 10:10:12,BID,11.7,80100
620,2016-08-08 10:10:12,TRADE,11.7,100
621,2016-08-08 10:10:12,TRADE,11.7,2500
618,2016-08-08 10:10:12,BID,11.7,77500
619,2016-08-08 10:10:12,BID,11.73,300
620,2016-08-08 10:10:12,BID,11.7,77500
621,2016-08-08 10:10:12,BID,11.72,5000
622,2016-08-08 10:10:12,BID,11.73,300
623,2016-08-08 10:10:12,TRADE,11.75,1200
624,2016-08-08 10:10:12,ASK,11.75,11000
625,2016-08-08 10:10:12,BID,11.72,5700
626,2016-08-08 10:10:12,BID,11.73,300
627,2016-08-08 10:10:12,BID,11.73,700
628,2016-08-08 10:10:12,ASK,11.74,5000
629,2016-08-08 10:10:12,BID,11.73,1000
630,2016-08-08 10:10:12,ASK,11.74,5300
631,2016-08-08 10:10:12,ASK,11.74,5700
632,2016-08-08 10:10:12,ASK,11.74,6000
633,2016-08-08 10:10:12,TRADE,11.74,3000
634,2016-08-08 10:10:12,ASK,11.74,3000
635,2016-08-08 10:10:12,BID,11.73,6000
636,2016-08-08 10:10:12,ASK,11.74,2700
637,2016-08-08 10:10:12,ASK,11.74,2300
638,2016-08-08 10:10:12,ASK,11.74,2000
639,2016-08-08 10:10:12,TRADE,11.74,600
640,2016-08-08 10:10:12,ASK,11.74,1400
641,2016-08-08 10:10:13,TRADE,11.73,300
642,2016-08-08 10:10:13,TRADE,11.73,400
643,2016-08-08 10:10:13,TRADE,11.73,300
644,2016-08-08 10:10:13,TRADE,11.73,5000
645,2016-08-08 10:10:13,BID,11.72,5700
646,2016-08-08 10:10:13,TRADE,11.72,5000
647,2016-08-08 10:10:13,TRADE,11.72,400
648,2016-08-08 10:10:13,TRADE,11.72,300
649,2016-08-08 10:10:13,BID,11.71,300
650,2016-08-08 10:10:13,TRADE,11.71,300
651,2016-08-08 10:10:13,BID,11.7,77500
652,2016-08-08 10:10:13,TRADE,11.7,2000
653,2016-08-08 10:10:13,TRADE,11.7,100
654,2016-08-08 10:10:13,TRADE,11.7,5000
655,2016-08-08 10:10:13,TRADE,11.7,2500
656,2016-08-08 10:10:13,TRADE,11.7,2000
657,2016-08-08 10:10:13,TRADE,11.7,8000
658,2016-08-08 10:10:13,TRADE,11.7,2000
659,2016-08-08 10:10:13,TRADE,11.7,2000
660,2016-08-08 10:10:13,TRADE,11.7,6300
661,2016-08-08 10:10:13,TRADE,11.7,1000
662,2016-08-08 10:10:13,TRADE,11.7,300
663,2016-08-08 10:10:13,TRADE,11.7,500
664,2016-08-08 10:10:13,TRADE,11.7,800
665,2016-08-08 10:10:13,TRADE,11.7,200
666,2016-08-08 10:10:13,TRADE,11.7,900
667,2016-08-08 10:10:13,TRADE,11.7,200
668,2016-08-08 10:10:13,TRADE,11.7,200
669,2016-08-08 10:10:13,TRADE,11.7,400
670,2016-08-08 10:10:13,TRADE,11.7,2000
671,2016-08-08 10:10:13,TRADE,11.7,1300
672,2016-08-08 10:10:13,TRADE,11.7,300
670,2016-08-08 10:10:13,BID,11.7,39500
671,2016-08-08 10:10:13,ASK,11.74,1800
672,2016-08-08 10:10:13,ASK,11.74,2100
673,2016-08-08 10:10:13,BID,11.71,400
674,2016-08-08 10:10:13,BID,11.73,5000
675,2016-08-08 10:10:13,ASK,11.74,2400
676,2016-08-08 10:10:13,BID,11.71,1000
677,2016-08-08 10:10:13,BID,11.72,5000
678,2016-08-08 10:10:13,BID,11.72,7100
679,2016-08-08 10:10:13,BID,11.72,2100
680,2016-08-08 10:10:13,BID,11.72,2400
681,2016-08-08 10:10:13,BID,11.72,2800
682,2016-08-08 10:10:13,BID,11.72,3100
683,2016-08-08 10:10:13,TRADE,11.74,1200
684,2016-08-08 10:10:13,ASK,11.74,1200
685,2016-08-08 10:10:13,TRADE,11.72,1200
686,2016-08-08 10:10:13,BID,11.72,1900
687,2016-08-08 10:10:13,TRADE,11.74,200
688,2016-08-08 10:10:13,TRADE,11.74,400
689,2016-08-08 10:10:13,TRADE,11.74,300
690,2016-08-08 10:10:13,TRADE,11.74,300
691,2016-08-08 10:10:13,ASK,11.75,11000
692,2016-08-08 10:10:13,TRADE,11.75,1000
693,2016-08-08 10:10:13,TRADE,11.75,300
694,2016-08-08 10:10:13,TRADE,11.75,400
695,2016-08-08 10:10:13,TRADE,11.75,300
696,2016-08-08 10:10:13,TRADE,11.75,5000
697,2016-08-08 10:10:13,TRADE,11.75,100
698,2016-08-08 10:10:13,TRADE,11.75,200
698,2016-08-08 10:10:13,ASK,11.75,3700
699,2016-08-08 10:10:13,ASK,11.74,400
700,2016-08-08 10:10:13,ASK,11.74,700
701,2016-08-08 10:10:13,ASK,11.74,1000
702,2016-08-08 10:10:13,ASK,11.74,700
703,2016-08-08 10:10:13,ASK,11.74,300
704,2016-08-08 10:10:13,ASK,11.74,700
705,2016-08-08 10:10:13,ASK,11.74,1000
706,2016-08-08 10:10:13,ASK,11.74,6000
707,2016-08-08 10:10:13,BID,11.73,800
708,2016-08-08 10:10:13,BID,11.73,1100
709,2016-08-08 10:10:13,BID,11.73,1500
710,2016-08-08 10:10:13,TRADE,11.74,300
711,2016-08-08 10:10:13,TRADE,11.74,400
712,2016-08-08 10:10:13,TRADE,11.74,300
713,2016-08-08 10:10:13,TRADE,11.74,600
714,2016-08-08 10:10:13,BID,11.73,700
715,2016-08-08 10:10:13,ASK,11.74,4400
716,2016-08-08 10:10:13,ASK,11.74,4700
717,2016-08-08 10:10:13,ASK,11.74,5000
718,2016-08-08 10:10:13,ASK,11.74,5400
719,2016-08-08 10:10:13,BID,11.73,300
720,2016-08-08 10:10:13,TRADE,11.74,300
721,2016-08-08 10:10:13,ASK,11.74,5100
722,2016-08-08 10:10:13,BID,11.73,900
723,2016-08-08 10:10:13,BID,11.73,1300
724,2016-08-08 10:10:13,ASK,11.74,10100
725,2016-08-08 10:10:13,BID,11.73,900
726,2016-08-08 10:10:13,BID,11.73,1300
727,2016-08-08 10:10:13,BID,11.73,6300
728,2016-08-08 10:10:13,ASK,11.74,9700
729,2016-08-08 10:10:14,ASK,11.74,15300
730,2016-08-08 10:10:14,TRADE,11.73,100
731,2016-08-08 10:10:14,BID,11.73,6200
732,2016-08-08 10:10:14,TRADE,11.74,100
733,2016-08-08 10:10:14,BID,11.73,5600
734,2016-08-08 10:10:14,ASK,11.74,15200
735,2016-08-08 10:10:14,TRADE,11.74,900
736,2016-08-08 10:10:14,ASK,11.74,14300
737,2016-08-08 10:10:15,ASK,11.74,14400
738,2016-08-08 10:10:15,TRADE,11.74,600
739,2016-08-08 10:10:15,ASK,11.74,13800
740,2016-08-08 10:10:15,BID,11.73,5700
741,2016-08-08 10:10:15,TRADE,11.74,200
742,2016-08-08 10:10:15,ASK,11.74,13600
743,2016-08-08 10:10:15,TRADE,11.74,100
744,2016-08-08 10:10:15,ASK,11.74,13500
745,2016-08-08 10:10:15,BID,11.73,7500
746,2016-08-08 10:10:16,TRADE,11.73,200
747,2016-08-08 10:10:16,TRADE,11.73,400
748,2016-08-08 10:10:16,TRADE,11.73,4900
749,2016-08-08 10:10:16,BID,11.73,2000
750,2016-08-08 10:10:16,BID,11.73,2300
751,2016-08-08 10:10:16,BID,11.73,2700
752,2016-08-08 10:10:16,BID,11.73,5400
753,2016-08-08 10:10:16,BID,11.73,2700
754,2016-08-08 10:10:16,ASK,11.74,16200
755,2016-08-08 10:10:16,TRADE,11.73,100
756,2016-08-08 10:10:16,BID,11.73,2600
757,2016-08-08 10:10:16,BID,11.73,7600
758,2016-08-08 10:10:18,ASK,11.74,46200
759,2016-08-08 10:10:18,BID,11.73,11100
760,2016-08-08 10:10:18,BID,11.73,13100
761,2016-08-08 10:10:19,BID,11.73,23100
762,2016-08-08 10:10:20,TRADE,11.74,2000
763,2016-08-08 10:10:20,ASK,11.74,44200
764,2016-08-08 10:10:20,TRADE,11.74,200
765,2016-08-08 10:10:20,TRADE,11.74,300
766,2016-08-08 10:10:20,TRADE,11.74,300
767,2016-08-08 10:10:20,TRADE,11.74,4200
768,2016-08-08 10:10:20,ASK,11.74,39200
769,2016-08-08 10:10:20,TRADE,11.74,800
770,2016-08-08 10:10:20,TRADE,11.74,100
771,2016-08-08 10:10:20,BID,11.73,21300
772,2016-08-08 10:10:20,ASK,11.74,38300
773,2016-08-08 10:10:20,TRADE,11.74,5000
774,2016-08-08 10:10:20,ASK,11.74,33300
775,2016-08-08 10:10:20,TRADE,11.74,200
776,2016-08-08 10:10:20,ASK,11.74,33100
777,2016-08-08 10:10:20,TRADE,11.73,100
778,2016-08-08 10:10:20,TRADE,11.73,100
779,2016-08-08 10:10:20,BID,11.73,21100
780,2016-08-08 10:10:20,TRADE,11.74,300
781,2016-08-08 10:10:20,TRADE,11.74,100
782,2016-08-08 10:10:20,TRADE,11.74,600
783,2016-08-08 10:10:20,ASK,11.74,32100
784,2016-08-08 10:10:20,BID,11.73,21200
785,2016-08-08 10:10:20,TRADE,11.74,200
786,2016-08-08 10:10:20,ASK,11.74,31900
787,2016-08-08 10:10:20,TRADE,11.74,700
788,2016-08-08 10:10:20,ASK,11.74,31200
789,2016-08-08 10:10:20,TRADE,11.74,1200
790,2016-08-08 10:10:20,TRADE,11.74,30000
791,2016-08-08 10:10:20,ASK,11.75,10200
792,2016-08-08 10:10:20,BID,11.74,5000
793,2016-08-08 10:10:20,BID,11.74,5300
794,2016-08-08 10:10:20,BID,11.74,5700
795,2016-08-08 10:10:20,BID,11.74,6000
796,2016-08-08 10:10:20,BID,11.74,8700
797,2016-08-08 10:10:20,BID,11.74,6000
798,2016-08-08 10:10:20,BID,11.74,6700
799,2016-08-08 10:10:20,TRADE,11.75,5000
800,2016-08-08 10:10:20,TRADE,11.75,400
801,2016-08-08 10:10:20,BID,11.74,6000
802,2016-08-08 10:10:20,ASK,11.75,4800
803,2016-08-08 10:10:20,TRADE,11.75,4700
804,2016-08-08 10:10:20,TRADE,11.75,100
805,2016-08-08 10:10:20,ASK,11.76,16500
806,2016-08-08 10:10:20,TRADE,11.76,1900
807,2016-08-08 10:10:20,ASK,11.76,14600
808,2016-08-08 10:10:20,BID,11.75,2700
809,2016-08-08 10:10:20,BID,11.75,7700
810,2016-08-08 10:10:20,BID,11.75,8000
811,2016-08-08 10:10:20,BID,11.75,8400
812,2016-08-08 10:10:20,BID,11.75,8100
813,2016-08-08 10:10:20,TRADE,11.76,400
814,2016-08-08 10:10:20,ASK,11.76,14200
815,2016-08-08 10:10:20,ASK,11.76,11800
816,2016-08-08 10:10:20,TRADE,11.75,2500
817,2016-08-08 10:10:20,BID,11.75,5600
818,2016-08-08 10:10:20,TRADE,11.76,500
819,2016-08-08 10:10:20,ASK,11.76,11300
820,2016-08-08 10:10:20,BID,11.75,8300
821,2016-08-08 10:10:21,ASK,11.76,12700
822,2016-08-08 10:10:21,TRADE,11.76,100
823,2016-08-08 10:10:21,ASK,11.76,12600
824,2016-08-08 10:10:21,TRADE,11.76,100
825,2016-08-08 10:10:21,ASK,11.76,12500
826,2016-08-08 10:10:21,TRADE,11.76,1000
827,2016-08-08 10:10:21,TRADE,11.76,100
828,2016-08-08 10:10:21,ASK,11.76,11400
829,2016-08-08 10:10:21,ASK,11.76,16400
830,2016-08-08 10:10:21,TRADE,11.76,800
831,2016-08-08 10:10:21,ASK,11.76,15600
832,2016-08-08 10:10:21,TRADE,11.75,200
833,2016-08-08 10:10:21,TRADE,11.75,3900
834,2016-08-08 10:10:21,BID,11.75,4200
835,2016-08-08 10:10:21,BID,11.75,3800
836,2016-08-08 10:10:21,TRADE,11.75,1100
837,2016-08-08 10:10:21,TRADE,11.75,1000
838,2016-08-08 10:10:21,BID,11.75,1700
839,2016-08-08 10:10:21,BID,11.74,6000
840,2016-08-08 10:10:21,ASK,11.76,18100
841,2016-08-08 10:10:21,BID,11.75,2700
842,2016-08-08 10:10:21,TRADE,11.76,500
843,2016-08-08 10:10:21,ASK,11.76,17600
844,2016-08-08 10:10:21,BID,11.75,3600
845,2016-08-08 10:10:21,BID,11.75,4000
846,2016-08-08 10:10:21,ASK,11.76,16200
847,2016-08-08 10:10:21,ASK,11.76,18500
848,2016-08-08 10:10:21,ASK,11.76,19200
849,2016-08-08 10:10:21,TRADE,11.75,300
850,2016-08-08 10:10:21,BID,11.75,3700
851,2016-08-08 10:10:21,TRADE,11.75,2400
852,2016-08-08 10:10:21,TRADE,11.75,900
853,2016-08-08 10:10:21,TRADE,11.75,400
854,2016-08-08 10:10:21,BID,11.74,6000
855,2016-08-08 10:10:21,ASK,11.75,5000
856,2016-08-08 10:10:21,ASK,11.75,5300
857,2016-08-08 10:10:21,ASK,11.75,5700
858,2016-08-08 10:10:21,ASK,11.75,6000
859,2016-08-08 10:10:21,TRADE,11.75,800
860,2016-08-08 10:10:21,ASK,11.75,5200
861,2016-08-08 10:10:22,TRADE,11.75,200
862,2016-08-08 10:10:22,ASK,11.75,5000
863,2016-08-08 10:10:22,ASK,11.75,4600
864,2016-08-08 10:10:22,BID,11.74,8500
865,2016-08-08 10:10:22,BID,11.74,8600
866,2016-08-08 10:10:22,ASK,11.75,4700
867,2016-08-08 10:10:22,ASK,11.75,5400
868,2016-08-08 10:10:22,ASK,11.75,8800
869,2016-08-08 10:10:23,ASK,11.75,10100
870,2016-08-08 10:10:24,TRADE,11.75,3000
871,2016-08-08 10:10:24,ASK,11.75,7100
872,2016-08-08 10:10:24,ASK,11.75,6800
873,2016-08-08 10:10:24,ASK,11.75,9800
874,2016-08-08 10:10:25,ASK,11.75,19800
875,2016-08-08 10:10:26,ASK,11.75,20800
876,2016-08-08 10:10:26,TRADE,11.75,1000
877,2016-08-08 10:10:26,TRADE,11.75,300
878,2016-08-08 10:10:26,TRADE,11.75,100
879,2016-08-08 10:10:26,TRADE,11.75,700
880,2016-08-08 10:10:26,TRADE,11.75,3400
881,2016-08-08 10:10:26,TRADE,11.75,1300
882,2016-08-08 10:10:26,TRADE,11.75,3000
883,2016-08-08 10:10:26,TRADE,11.75,5200
884,2016-08-08 10:10:26,ASK,11.75,5800
885,2016-08-08 10:10:27,TRADE,11.75,600
886,2016-08-08 10:10:27,BID,11.74,6100
887,2016-08-08 10:10:27,ASK,11.75,5200
888,2016-08-08 10:10:27,ASK,11.75,5400
889,2016-08-08 10:10:27,TRADE,11.75,100
890,2016-08-08 10:10:27,ASK,11.75,5300
891,2016-08-08 10:10:27,TRADE,11.75,800
892,2016-08-08 10:10:27,ASK,11.75,4500
893,2016-08-08 10:10:29,TRADE,11.75,1000
894,2016-08-08 10:10:29,ASK,11.75,3500
895,2016-08-08 10:10:29,TRADE,11.75,600
896,2016-08-08 10:10:29,ASK,11.75,2900
897,2016-08-08 10:10:29,TRADE,11.75,500
898,2016-08-08 10:10:29,ASK,11.75,2400
899,2016-08-08 10:10:29,TRADE,11.75,100
900,2016-08-08 10:10:29,ASK,11.75,2300
901,2016-08-08 10:10:31,TRADE,11.74,5000
902,2016-08-08 10:10:31,TRADE,11.74,300
903,2016-08-08 10:10:31,TRADE,11.74,400
904,2016-08-08 10:10:31,TRADE,11.74,300
905,2016-08-08 10:10:31,TRADE,11.74,100
906,2016-08-08 10:10:31,BID,11.73,22200
907,2016-08-08 10:10:31,ASK,11.74,13900
908,2016-08-08 10:10:31,TRADE,11.74,700
909,2016-08-08 10:10:31,ASK,11.74,13200
910,2016-08-08 10:10:31,TRADE,11.74,13200
911,2016-08-08 10:10:31,ASK,11.75,4800
912,2016-08-08 10:10:31,BID,11.74,5000
913,2016-08-08 10:10:31,BID,11.74,5400
914,2016-08-08 10:10:31,BID,11.74,5700
915,2016-08-08 10:10:31,BID,11.74,6000
916,2016-08-08 10:10:31,ASK,11.75,5100
917,2016-08-08 10:10:31,ASK,11.75,4800
918,2016-08-08 10:10:31,BID,11.74,8700
919,2016-08-08 10:10:31,ASK,11.75,4500
920,2016-08-08 10:10:31,BID,11.74,6000
921,2016-08-08 10:10:31,TRADE,11.75,700
922,2016-08-08 10:10:31,ASK,11.75,3800
923,2016-08-08 10:10:31,TRADE,11.75,100
924,2016-08-08 10:10:31,ASK,11.75,3700
925,2016-08-08 10:10:31,TRADE,11.75,300
926,2016-08-08 10:10:31,TRADE,11.75,300
927,2016-08-08 10:10:31,ASK,11.75,3100
928,2016-08-08 10:10:31,TRADE,11.75,700
929,2016-08-08 10:10:31,TRADE,11.75,200
930,2016-08-08 10:10:31,TRADE,11.75,300
931,2016-08-08 10:10:31,ASK,11.75,1900
932,2016-08-08 10:10:31,TRADE,11.75,1000
933,2016-08-08 10:10:31,ASK,11.75,900
934,2016-08-08 10:10:31,ASK,11.76,16900
935,2016-08-08 10:10:31,BID,11.75,400
936,2016-08-08 10:10:31,BID,11.75,900
937,2016-08-08 10:10:32,ASK,11.76,17100
938,2016-08-08 10:10:32,BID,11.75,1000
939,2016-08-08 10:10:34,TRADE,11.75,6500
940,2016-08-08 10:10:34,ASK,11.76,18100
941,2016-08-08 10:10:35,TRADE,11.75,400
942,2016-08-08 10:10:35,TRADE,11.75,500
943,2016-08-08 10:10:35,TRADE,11.75,100
944,2016-08-08 10:10:35,BID,11.74,6000
945,2016-08-08 10:10:35,TRADE,11.74,5000
946,2016-08-08 10:10:35,TRADE,11.74,400
947,2016-08-08 10:10:35,TRADE,11.74,300
948,2016-08-08 10:10:35,TRADE,11.74,300
949,2016-08-08 10:10:35,BID,11.73,22200
950,2016-08-08 10:10:35,TRADE,11.73,200
951,2016-08-08 10:10:35,TRADE,11.73,400
952,2016-08-08 10:10:35,TRADE,11.73,2400
951,2016-08-08 10:10:35,BID,11.73,19200
952,2016-08-08 10:10:35,BID,11.75,400
953,2016-08-08 10:10:35,BID,11.74,300
954,2016-08-08 10:10:35,ASK,11.75,300
955,2016-08-08 10:10:35,BID,11.74,600
956,2016-08-08 10:10:35,ASK,11.75,600
957,2016-08-08 10:10:35,ASK,11.75,5600
958,2016-08-08 10:10:35,BID,11.74,2300
959,2016-08-08 10:10:35,BID,11.74,3200
960,2016-08-08 10:10:35,BID,11.74,5900
961,2016-08-08 10:10:35,BID,11.74,3200
962,2016-08-08 10:10:35,ASK,11.75,6100
963,2016-08-08 10:10:35,ASK,11.75,6200
964,2016-08-08 10:10:35,ASK,11.75,6400
965,2016-08-08 10:10:37,BID,11.74,3300
966,2016-08-08 10:10:38,TRADE,11.75,300
967,2016-08-08 10:10:38,TRADE,11.75,300
968,2016-08-08 10:10:38,TRADE,11.75,1400
969,2016-08-08 10:10:38,ASK,11.75,4400
970,2016-08-08 10:10:38,ASK,11.75,4700
971,2016-08-08 10:10:39,ASK,11.75,6200
972,2016-08-08 10:10:41,TRADE,11.75,2000
973,2016-08-08 10:10:41,ASK,11.75,4200
974,2016-08-08 10:10:41,ASK,11.75,4300
975,2016-08-08 10:10:42,ASK,11.75,4000
976,2016-08-08 10:10:42,BID,11.74,5200
977,2016-08-08 10:10:42,ASK,11.75,2400
978,2016-08-08 10:10:42,TRADE,11.75,500
979,2016-08-08 10:10:42,TRADE,11.75,100
980,2016-08-08 10:10:42,TRADE,11.75,200
981,2016-08-08 10:10:42,TRADE,11.75,1500
982,2016-08-08 10:10:42,TRADE,11.75,100
983,2016-08-08 10:10:42,ASK,11.76,19400
984,2016-08-08 10:10:42,ASK,11.76,24800
985,2016-08-08 10:10:43,ASK,11.76,25400
986,2016-08-08 10:10:48,ASK,11.76,27400
987,2016-08-08 10:10:48,ASK,11.76,27900
988,2016-08-08 10:10:48,ASK,11.76,28400
989,2016-08-08 10:10:48,ASK,11.76,30400
990,2016-08-08 10:10:48,BID,11.74,3300
991,2016-08-08 10:10:49,TRADE,11.74,300
992,2016-08-08 10:10:49,TRADE,11.74,300
993,2016-08-08 10:10:49,TRADE,11.74,400
994,2016-08-08 10:10:49,BID,11.74,2300
995,2016-08-08 10:10:49,BID,11.74,2600
996,2016-08-08 10:10:49,BID,11.74,2900
997,2016-08-08 10:10:49,ASK,11.75,5000
998,2016-08-08 10:10:49,TRADE,11.74,1300
999,2016-08-08 10:10:49,TRADE,11.74,900
1000,2016-08-08 10:10:49,TRADE,11.74,100
1001,2016-08-08 10:10:49,TRADE,11.74,300
1002,2016-08-08 10:10:49,TRADE,11.74,300
1003,2016-08-08 10:10:49,BID,11.73,22200
1004,2016-08-08 10:10:49,ASK,11.75,5300
1005,2016-08-08 10:10:49,ASK,11.75,5600
1006,2016-08-08 10:10:49,ASK,11.75,6000
1007,2016-08-08 10:10:49,BID,11.74,300
1008,2016-08-08 10:10:49,BID,11.74,600
1009,2016-08-08 10:10:49,BID,11.74,5600
1010,2016-08-08 10:10:49,ASK,11.75,5600
1011,2016-08-08 10:10:49,BID,11.74,8300
1012,2016-08-08 10:10:49,BID,11.74,5600
1013,2016-08-08 10:10:49,TRADE,11.75,800
1014,2016-08-08 10:10:49,ASK,11.75,4800
1015,2016-08-08 10:10:49,TRADE,11.75,1300
1016,2016-08-08 10:10:49,ASK,11.75,3500
1017,2016-08-08 10:10:49,TRADE,11.75,200
1018,2016-08-08 10:10:49,ASK,11.75,3300
1019,2016-08-08 10:10:49,TRADE,11.75,500
1020,2016-08-08 10:10:49,ASK,11.75,2800
1021,2016-08-08 10:10:49,ASK,11.75,2500
1022,2016-08-08 10:10:49,ASK,11.75,2200
1023,2016-08-08 10:10:49,TRADE,11.75,100
1024,2016-08-08 10:10:49,ASK,11.75,2100
1025,2016-08-08 10:10:49,BID,11.74,8800
1026,2016-08-08 10:10:49,ASK,11.76,28400
1027,2016-08-08 10:10:50,TRADE,11.74,300
1028,2016-08-08 10:10:50,TRADE,11.74,100
1029,2016-08-08 10:10:50,BID,11.74,8400
1030,2016-08-08 10:10:50,BID,11.74,10400
1031,2016-08-08 10:10:50,ASK,11.76,30400
1032,2016-08-08 10:10:50,ASK,11.76,30500
1033,2016-08-08 10:10:51,TRADE,11.74,200
1034,2016-08-08 10:10:51,TRADE,11.74,1800
1035,2016-08-08 10:10:51,BID,11.74,8400
1036,2016-08-08 10:10:51,TRADE,11.76,200
1037,2016-08-08 10:10:51,ASK,11.76,30300
1038,2016-08-08 10:10:52,TRADE,11.76,6100
1039,2016-08-08 10:10:52,ASK,11.76,24200
1040,2016-08-08 10:10:52,ASK,11.76,23700
1041,2016-08-08 10:10:52,ASK,11.76,23200
1042,2016-08-08 10:10:52,BID,11.75,6100
1043,2016-08-08 10:10:52,BID,11.75,11100
1044,2016-08-08 10:10:52,TRADE,11.76,700
1045,2016-08-08 10:10:52,ASK,11.76,22500
1046,2016-08-08 10:10:52,ASK,11.76,20000
1047,2016-08-08 10:10:52,TRADE,11.76,1000
1048,2016-08-08 10:10:52,ASK,11.76,19000
1049,2016-08-08 10:10:52,ASK,11.76,17000
1050,2016-08-08 10:10:52,TRADE,11.76,100
1051,2016-08-08 10:10:52,ASK,11.76,16900
1052,2016-08-08 10:10:52,TRADE,11.75,200
1053,2016-08-08 10:10:52,BID,11.75,10900
1054,2016-08-08 10:10:52,BID,11.75,14100
1055,2016-08-08 10:10:53,ASK,11.76,17000
1056,2016-08-08 10:10:53,ASK,11.76,11600
1057,2016-08-08 10:10:53,TRADE,11.75,5900
1058,2016-08-08 10:10:53,TRADE,11.75,5000
1059,2016-08-08 10:10:53,TRADE,11.75,3200
1060,2016-08-08 10:10:53,BID,11.74,5200
1061,2016-08-08 10:10:53,TRADE,11.74,3200
1062,2016-08-08 10:10:53,TRADE,11.74,2000
1063,2016-08-08 10:10:53,BID,11.73,22200
1064,2016-08-08 10:10:53,TRADE,11.73,2600
1065,2016-08-08 10:10:53,TRADE,11.73,3500
1066,2016-08-08 10:10:53,TRADE,11.73,2000
1067,2016-08-08 10:10:53,TRADE,11.73,2600
1066,2016-08-08 10:10:53,BID,11.73,11500
1067,2016-08-08 10:10:53,BID,11.74,2700
1068,2016-08-08 10:10:53,BID,11.74,3400
1069,2016-08-08 10:10:53,ASK,11.75,5000
1070,2016-08-08 10:10:53,BID,11.74,3700
1071,2016-08-08 10:10:53,BID,11.74,4000
1072,2016-08-08 10:10:53,BID,11.74,5300
1073,2016-08-08 10:10:53,ASK,11.75,5300
1074,2016-08-08 10:10:53,ASK,11.75,5600
1075,2016-08-08 10:10:53,ASK,11.75,6000
1076,2016-08-08 10:10:53,ASK,11.75,5600
1077,2016-08-08 10:10:53,TRADE,11.74,1400
1078,2016-08-08 10:10:53,BID,11.74,3900
1079,2016-08-08 10:10:53,BID,11.74,6600
1080,2016-08-08 10:10:54,TRADE,11.74,100
1081,2016-08-08 10:10:54,BID,11.74,6500
1082,2016-08-08 10:10:54,TRADE,11.74,100
1083,2016-08-08 10:10:54,BID,11.74,6400
1084,2016-08-08 10:10:54,ASK,11.75,5900
1085,2016-08-08 10:10:54,ASK,11.75,6000
1086,2016-08-08 10:10:54,ASK,11.75,6100
1087,2016-08-08 10:10:54,TRADE,11.74,1100
1088,2016-08-08 10:10:54,TRADE,11.74,700
1089,2016-08-08 10:10:54,TRADE,11.74,300
1090,2016-08-08 10:10:54,TRADE,11.74,300
1091,2016-08-08 10:10:54,TRADE,11.74,800
1092,2016-08-08 10:10:54,BID,11.74,3200
1093,2016-08-08 10:10:54,BID,11.74,3500
1094,2016-08-08 10:10:54,BID,11.74,800
1095,2016-08-08 10:10:54,BID,11.74,3500
1096,2016-08-08 10:10:54,TRADE,11.75,700
1097,2016-08-08 10:10:54,ASK,11.75,5400
1098,2016-08-08 10:10:54,BID,11.74,3800
1099,2016-08-08 10:10:54,TRADE,11.75,700
1100,2016-08-08 10:10:54,ASK,11.75,4700
1101,2016-08-08 10:10:54,TRADE,11.75,600
1102,2016-08-08 10:10:54,ASK,11.75,4100
1103,2016-08-08 10:10:54,ASK,11.75,3800
1104,2016-08-08 10:10:54,TRADE,11.75,600
1105,2016-08-08 10:10:54,ASK,11.75,3200
1106,2016-08-08 10:10:54,ASK,11.75,2900
1107,2016-08-08 10:10:54,TRADE,11.75,1000
1108,2016-08-08 10:10:54,ASK,11.75,1900
1109,2016-08-08 10:10:54,TRADE,11.75,200
1110,2016-08-08 10:10:54,ASK,11.75,1700
1111,2016-08-08 10:10:54,BID,11.74,7400
1112,2016-08-08 10:10:54,ASK,11.75,500
1113,2016-08-08 10:10:55,ASK,11.75,400
1114,2016-08-08 10:10:55,ASK,11.75,300
1115,2016-08-08 10:10:55,ASK,11.76,12000
1116,2016-08-08 10:10:57,ASK,11.76,10000
1118,2016-08-08 10:10:58,BID,11.75,1600
1119,2016-08-08 10:10:58,BID,11.75,6600
1120,2016-08-08 10:10:58,BID,11.75,6900
1121,2016-08-08 10:10:58,BID,11.75,7200
1122,2016-08-08 10:10:58,BID,11.75,10800
1123,2016-08-08 10:10:58,TRADE,11.75,400
1124,2016-08-08 10:10:58,BID,11.75,10400
1125,2016-08-08 10:11:00,TRADE,11.75,1200
1126,2016-08-08 10:11:00,TRADE,11.75,800
1127,2016-08-08 10:11:00,BID,11.75,8400
1128,2016-08-08 10:11:00,ASK,11.76,15600
1129,2016-08-08 10:11:00,TRADE,11.75,100
1130,2016-08-08 10:11:00,BID,11.75,8300
1131,2016-08-08 10:11:00,TRADE,11.75,4100
1132,2016-08-08 10:11:00,TRADE,11.75,300
1133,2016-08-08 10:11:00,TRADE,11.75,300
1134,2016-08-08 10:11:00,TRADE,11.75,3600
1135,2016-08-08 10:11:00,BID,11.74,6100
1136,2016-08-08 10:11:00,ASK,11.75,1700
1137,2016-08-08 10:11:00,BID,11.74,5800
1138,2016-08-08 10:11:00,ASK,11.75,6700
1139,2016-08-08 10:11:00,BID,11.74,7300
1140,2016-08-08 10:11:01,BID,11.74,6800
1141,2016-08-08 10:11:01,ASK,11.75,6800
1142,2016-08-08 10:11:01,ASK,11.75,6900
1143,2016-08-08 10:11:01,ASK,11.75,7000
1144,2016-08-08 10:11:01,ASK,11.75,7300
1145,2016-08-08 10:11:01,ASK,11.75,7400
1146,2016-08-08 10:11:01,BID,11.74,6500
1147,2016-08-08 10:11:02,TRADE,11.75,1700
1148,2016-08-08 10:11:02,TRADE,11.75,800
1149,2016-08-08 10:11:02,ASK,11.75,4900
1150,2016-08-08 10:11:02,ASK,11.75,5200
1151,2016-08-08 10:11:02,ASK,11.75,5600
1152,2016-08-08 10:11:02,ASK,11.75,5900
1153,2016-08-08 10:11:02,BID,11.74,23500
1154,2016-08-08 10:11:02,BID,11.74,28500
1155,2016-08-08 10:11:03,ASK,11.75,6400
1156,2016-08-08 10:11:03,BID,11.74,29300
1157,2016-08-08 10:11:04,ASK,11.75,8400
1158,2016-08-08 10:11:06,ASK,11.75,9400
1159,2016-08-08 10:11:06,ASK,11.75,8900
1160,2016-08-08 10:11:08,TRADE,11.74,100
1161,2016-08-08 10:11:08,BID,11.74,29200
1162,2016-08-08 10:11:12,ASK,11.75,10900
1163,2016-08-08 10:11:13,ASK,11.75,12400
1164,2016-08-08 10:11:13,BID,11.74,24200
1165,2016-08-08 10:11:14,ASK,11.75,12900
1166,2016-08-08 10:11:16,TRADE,11.75,1000
1167,2016-08-08 10:11:16,ASK,11.75,11900
1168,2016-08-08 10:11:21,ASK,11.75,16900
1169,2016-08-08 10:11:21,ASK,11.75,17900
1170,2016-08-08 10:11:21,TRADE,11.74,4900
1171,2016-08-08 10:11:21,TRADE,11.74,1500
1172,2016-08-08 10:11:21,TRADE,11.74,13600
1173,2016-08-08 10:11:21,BID,11.74,4200
1174,2016-08-08 10:11:21,TRADE,11.74,3400
1175,2016-08-08 10:11:21,TRADE,11.74,800
1176,2016-08-08 10:11:21,BID,11.73,16300
1177,2016-08-08 10:11:21,ASK,11.74,300
1178,2016-08-08 10:11:21,ASK,11.74,600
1179,2016-08-08 10:11:21,ASK,11.74,5600
1180,2016-08-08 10:11:21,ASK,11.74,6000
1181,2016-08-08 10:11:21,TRADE,11.74,300
1182,2016-08-08 10:11:21,TRADE,11.74,300
1183,2016-08-08 10:11:21,TRADE,11.74,2300
1184,2016-08-08 10:11:21,ASK,11.74,3100
1185,2016-08-08 10:11:21,ASK,11.74,2700
1186,2016-08-08 10:11:21,ASK,11.74,3000
1187,2016-08-08 10:11:21,TRADE,11.74,300
1188,2016-08-08 10:11:21,ASK,11.74,2700
1189,2016-08-08 10:11:21,TRADE,11.74,100
1190,2016-08-08 10:11:21,ASK,11.74,2600
1191,2016-08-08 10:11:22,ASK,11.74,3000
1192,2016-08-08 10:11:22,BID,11.73,20300
1193,2016-08-08 10:11:22,BID,11.73,28800
1194,2016-08-08 10:11:22,ASK,11.74,2600
1195,2016-08-08 10:11:22,ASK,11.74,300
1196,2016-08-08 10:11:22,ASK,11.75,17900
1197,2016-08-08 10:11:22,ASK,11.75,18200
1198,2016-08-08 10:11:22,ASK,11.74,5400
1199,2016-08-08 10:11:22,BID,11.73,28900
1200,2016-08-08 10:11:22,ASK,11.74,5800
1201,2016-08-08 10:11:23,ASK,11.74,5900
1202,2016-08-08 10:11:23,ASK,11.74,6000
1203,2016-08-08 10:11:23,ASK,11.74,6300
1204,2016-08-08 10:11:23,ASK,11.74,6400
1205,2016-08-08 10:11:23,ASK,11.74,6800
1206,2016-08-08 10:11:23,ASK,11.74,11800
1207,2016-08-08 10:11:26,TRADE,11.74,5400
1208,2016-08-08 10:11:26,TRADE,11.74,400
1209,2016-08-08 10:11:26,TRADE,11.74,100
1210,2016-08-08 10:11:26,TRADE,11.74,100
1211,2016-08-08 10:11:26,TRADE,11.74,300
1212,2016-08-08 10:11:26,TRADE,11.74,100
1213,2016-08-08 10:11:26,TRADE,11.74,400
1214,2016-08-08 10:11:26,TRADE,11.74,5000
1215,2016-08-08 10:11:26,BID,11.74,8200
1216,2016-08-08 10:11:26,ASK,11.75,29200
1217,2016-08-08 10:11:26,BID,11.74,13200
1218,2016-08-08 10:11:26,TRADE,11.75,1200
1219,2016-08-08 10:11:26,ASK,11.75,28000
1220,2016-08-08 10:11:26,TRADE,11.75,1000
1221,2016-08-08 10:11:26,ASK,11.75,27000
1222,2016-08-08 10:11:26,TRADE,11.75,600
1223,2016-08-08 10:11:26,ASK,11.75,26400
1224,2016-08-08 10:11:27,ASK,11.75,32100
1225,2016-08-08 10:11:27,TRADE,11.75,100
1226,2016-08-08 10:11:27,ASK,11.75,32000
1227,2016-08-08 10:11:27,ASK,11.75,32100
1228,2016-08-08 10:11:27,BID,11.74,17400
1229,2016-08-08 10:11:28,TRADE,11.74,8200
1230,2016-08-08 10:11:28,TRADE,11.74,5000
1231,2016-08-08 10:11:28,TRADE,11.74,1800
1232,2016-08-08 10:11:28,BID,11.74,2400
1233,2016-08-08 10:11:29,TRADE,11.74,700
1234,2016-08-08 10:11:29,BID,11.74,1700
1235,2016-08-08 10:11:29,ASK,11.75,32300
1236,2016-08-08 10:11:29,TRADE,11.74,1100
1237,2016-08-08 10:11:29,BID,11.74,600
1238,2016-08-08 10:11:29,ASK,11.75,32400
1239,2016-08-08 10:11:30,BID,11.74,700
1240,2016-08-08 10:11:30,TRADE,11.74,100
1241,2016-08-08 10:11:30,BID,11.74,600
1242,2016-08-08 10:11:30,ASK,11.75,32300
1243,2016-08-08 10:11:30,ASK,11.75,32700
1244,2016-08-08 10:11:31,TRADE,11.75,300
1245,2016-08-08 10:11:31,TRADE,11.75,200
1246,2016-08-08 10:11:31,ASK,11.75,32200
1247,2016-08-08 10:11:31,ASK,11.75,37200
1248,2016-08-08 10:11:31,BID,11.74,2600
1249,2016-08-08 10:11:34,ASK,11.75,52200
1250,2016-08-08 10:11:34,BID,11.74,2700
1251,2016-08-08 10:11:34,TRADE,11.74,500
1252,2016-08-08 10:11:34,TRADE,11.74,100
1253,2016-08-08 10:11:34,TRADE,11.74,2000
1254,2016-08-08 10:11:34,TRADE,11.74,100
1255,2016-08-08 10:11:34,BID,11.73,24900
1256,2016-08-08 10:11:34,ASK,11.74,2300
1257,2016-08-08 10:11:34,ASK,11.74,7300
1258,2016-08-08 10:11:34,ASK,11.74,7700
1259,2016-08-08 10:11:34,ASK,11.74,8000
1260,2016-08-08 10:11:34,BID,11.73,28700
1261,2016-08-08 10:11:35,ASK,11.74,8100
1262,2016-08-08 10:11:35,ASK,11.74,8300
1263,2016-08-08 10:11:35,ASK,11.74,13400
1264,2016-08-08 10:11:35,TRADE,11.73,2500
1265,2016-08-08 10:11:35,BID,11.73,26200
1266,2016-08-08 10:11:37,BID,11.73,30500
1267,2016-08-08 10:11:37,TRADE,11.74,2000
1268,2016-08-08 10:11:37,ASK,11.74,11400
1269,2016-08-08 10:11:37,ASK,11.74,11500
1270,2016-08-08 10:11:39,ASK,11.74,13500
1271,2016-08-08 10:11:39,ASK,11.74,14500
1272,2016-08-08 10:11:39,TRADE,11.74,300
1273,2016-08-08 10:11:39,TRADE,11.74,1700
1274,2016-08-08 10:11:39,ASK,11.74,12500
1275,2016-08-08 10:11:42,TRADE,11.74,200
1276,2016-08-08 10:11:42,ASK,11.74,12300
1277,2016-08-08 10:11:44,TRADE,11.74,3100
1278,2016-08-08 10:11:44,TRADE,11.74,400
1279,2016-08-08 10:11:44,TRADE,11.74,300
1280,2016-08-08 10:11:44,TRADE,11.74,100
1281,2016-08-08 10:11:44,TRADE,11.74,200
1282,2016-08-08 10:11:44,TRADE,11.74,5100
1283,2016-08-08 10:11:44,TRADE,11.74,100
1284,2016-08-08 10:11:44,TRADE,11.74,2000
1285,2016-08-08 10:11:44,TRADE,11.74,1000
1286,2016-08-08 10:11:44,BID,11.74,37700
1287,2016-08-08 10:11:44,ASK,11.75,51900
1288,2016-08-08 10:11:44,BID,11.74,42700
1289,2016-08-08 10:11:44,ASK,11.75,51800
1290,2016-08-08 10:11:44,TRADE,11.75,400
1291,2016-08-08 10:11:44,TRADE,11.75,300
1292,2016-08-08 10:11:44,ASK,11.75,51100
1293,2016-08-08 10:11:44,TRADE,11.75,600
1294,2016-08-08 10:11:44,ASK,11.75,50500
1295,2016-08-08 10:11:44,ASK,11.75,49500
1296,2016-08-08 10:11:44,TRADE,11.75,1100
1297,2016-08-08 10:11:44,ASK,11.75,48400
1298,2016-08-08 10:11:44,TRADE,11.74,2500
1299,2016-08-08 10:11:44,BID,11.74,40200
1300,2016-08-08 10:11:44,TRADE,11.75,300
1301,2016-08-08 10:11:44,TRADE,11.75,900
1302,2016-08-08 10:11:44,ASK,11.75,47200
1303,2016-08-08 10:11:44,TRADE,11.75,100
1304,2016-08-08 10:11:44,TRADE,11.75,2000
1305,2016-08-08 10:11:44,TRADE,11.75,1500
1306,2016-08-08 10:11:44,TRADE,11.75,500
1307,2016-08-08 10:11:44,TRADE,11.75,200
1308,2016-08-08 10:11:44,ASK,11.75,42900
1309,2016-08-08 10:11:44,ASK,11.75,37900
1310,2016-08-08 10:11:44,TRADE,11.75,600
1311,2016-08-08 10:11:44,ASK,11.75,37300
1312,2016-08-08 10:11:44,ASK,11.75,38000
1313,2016-08-08 10:11:44,TRADE,11.75,800
1314,2016-08-08 10:11:44,ASK,11.75,37200
1315,2016-08-08 10:11:44,TRADE,11.75,700
1316,2016-08-08 10:11:44,ASK,11.75,36500
1317,2016-08-08 10:11:44,TRADE,11.75,200
1318,2016-08-08 10:11:44,ASK,11.75,36300
1319,2016-08-08 10:11:44,BID,11.74,44900
1320,2016-08-08 10:11:44,ASK,11.75,37000
1321,2016-08-08 10:11:45,BID,11.74,54900
1322,2016-08-08 10:11:45,ASK,11.75,37200
1323,2016-08-08 10:11:45,BID,11.74,55000
1324,2016-08-08 10:11:46,BID,11.74,55200
1325,2016-08-08 10:11:46,TRADE,11.75,1000
1326,2016-08-08 10:11:47,ASK,11.75,38200
1327,2016-08-08 10:11:48,BID,11.74,55500
1328,2016-08-08 10:11:49,BID,11.74,55700
1329,2016-08-08 10:11:49,BID,11.74,55500
1330,2016-08-08 10:11:50,BID,11.74,56500
1331,2016-08-08 10:11:50,TRADE,11.75,2500
1332,2016-08-08 10:11:50,TRADE,11.75,10000
1333,2016-08-08 10:11:50,TRADE,11.75,2000
1334,2016-08-08 10:11:50,TRADE,11.75,400
1335,2016-08-08 10:11:50,TRADE,11.75,15000
1336,2016-08-08 10:11:50,TRADE,11.75,700
1337,2016-08-08 10:11:50,TRADE,11.75,5000
1338,2016-08-08 10:11:50,TRADE,11.75,700
1339,2016-08-08 10:11:50,TRADE,11.75,700
1340,2016-08-08 10:11:50,TRADE,11.75,200
1341,2016-08-08 10:11:50,TRADE,11.75,1000
1342,2016-08-08 10:11:50,ASK,11.76,121700
1343,2016-08-08 10:11:50,BID,11.75,300
1344,2016-08-08 10:11:50,BID,11.75,700
1345,2016-08-08 10:11:50,BID,11.75,1000
1346,2016-08-08 10:11:50,BID,11.75,6000
1347,2016-08-08 10:11:50,ASK,11.76,119200
1348,2016-08-08 10:11:50,ASK,11.76,119700
1349,2016-08-08 10:11:50,ASK,11.76,114700
1350,2016-08-08 10:11:50,ASK,11.76,115200
1351,2016-08-08 10:11:50,TRADE,11.76,800
1352,2016-08-08 10:11:50,ASK,11.76,114400
1353,2016-08-08 10:11:50,BID,11.75,6100
1354,2016-08-08 10:11:50,ASK,11.76,113900
1355,2016-08-08 10:11:50,ASK,11.76,113400
1356,2016-08-08 10:11:50,ASK,11.76,115400
1357,2016-08-08 10:11:50,TRADE,11.76,700
1358,2016-08-08 10:11:50,TRADE,11.76,600
1359,2016-08-08 10:11:50,TRADE,11.76,700
1360,2016-08-08 10:11:50,ASK,11.76,113400
1361,2016-08-08 10:11:50,TRADE,11.76,200
1362,2016-08-08 10:11:50,ASK,11.76,113200
1363,2016-08-08 10:11:50,TRADE,11.76,400
1364,2016-08-08 10:11:50,ASK,11.76,112800
1365,2016-08-08 10:11:50,TRADE,11.76,100
1366,2016-08-08 10:11:50,ASK,11.76,112700
1367,2016-08-08 10:11:50,ASK,11.76,110700
1368,2016-08-08 10:11:51,ASK,11.76,115300
1369,2016-08-08 10:11:51,TRADE,11.76,1300
1370,2016-08-08 10:11:51,ASK,11.76,114000
1371,2016-08-08 10:11:51,TRADE,11.76,600
1372,2016-08-08 10:11:51,ASK,11.76,113400
1373,2016-08-08 10:11:51,TRADE,11.76,1200
1374,2016-08-08 10:11:51,ASK,11.76,112200
1375,2016-08-08 10:11:51,TRADE,11.76,8400
1376,2016-08-08 10:11:51,ASK,11.76,103800
1377,2016-08-08 10:11:51,TRADE,11.76,22100
1378,2016-08-08 10:11:51,ASK,11.76,81700
1379,2016-08-08 10:11:51,TRADE,11.76,600
1380,2016-08-08 10:11:51,ASK,11.76,81100
1381,2016-08-08 10:11:51,TRADE,11.76,49400
1382,2016-08-08 10:11:51,ASK,11.76,31700
1383,2016-08-08 10:11:51,TRADE,11.76,15000
1384,2016-08-08 10:11:51,TRADE,11.76,6200
1385,2016-08-08 10:11:51,ASK,11.76,10500
1386,2016-08-08 10:11:51,TRADE,11.76,2000
1387,2016-08-08 10:11:51,ASK,11.76,8500
1388,2016-08-08 10:11:51,TRADE,11.76,3800
1389,2016-08-08 10:11:51,TRADE,11.76,100
1390,2016-08-08 10:11:51,TRADE,11.76,4600
1391,2016-08-08 10:11:51,ASK,11.77,21500
1392,2016-08-08 10:11:51,BID,11.76,5000
1393,2016-08-08 10:11:51,BID,11.76,5300
1394,2016-08-08 10:11:51,BID,11.76,5600
1395,2016-08-08 10:11:51,BID,11.76,6000
1396,2016-08-08 10:11:51,TRADE,11.77,2100
1397,2016-08-08 10:11:51,TRADE,11.77,8000
1398,2016-08-08 10:11:51,TRADE,11.77,1100
1399,2016-08-08 10:11:51,TRADE,11.77,100
1400,2016-08-08 10:11:51,TRADE,11.77,3700
1401,2016-08-08 10:11:51,ASK,11.77,6500
1402,2016-08-08 10:11:51,BID,11.76,9400
1403,2016-08-08 10:11:51,BID,11.76,4400
1404,2016-08-08 10:11:51,TRADE,11.77,2000
1405,2016-08-08 10:11:51,ASK,11.77,4500
1406,2016-08-08 10:11:51,TRADE,11.77,2500
1407,2016-08-08 10:11:51,TRADE,11.77,2000
1408,2016-08-08 10:11:51,BID,11.77,500
1409,2016-08-08 10:11:51,ASK,11.78,11100
1410,2016-08-08 10:11:51,TRADE,11.77,500
1411,2016-08-08 10:11:51,BID,11.76,4400
1412,2016-08-08 10:11:51,ASK,11.77,500
1413,2016-08-08 10:11:51,ASK,11.77,1000
1414,2016-08-08 10:11:51,ASK,11.77,1500
1415,2016-08-08 10:11:51,TRADE,11.77,500
1416,2016-08-08 10:11:51,TRADE,11.77,500
1417,2016-08-08 10:11:51,TRADE,11.77,500
1418,2016-08-08 10:11:51,ASK,11.78,11100
1419,2016-08-08 10:11:51,BID,11.77,300
1420,2016-08-08 10:11:51,BID,11.77,600
1421,2016-08-08 10:11:51,BID,11.77,1000
1422,2016-08-08 10:11:51,BID,11.77,5500
1423,2016-08-08 10:11:51,BID,11.77,5200
1424,2016-08-08 10:11:51,BID,11.77,700
1425,2016-08-08 10:11:51,BID,11.77,1000
1426,2016-08-08 10:11:51,BID,11.77,4200
1427,2016-08-08 10:11:51,TRADE,11.77,300
1428,2016-08-08 10:11:51,TRADE,11.77,200
1429,2016-08-08 10:11:51,BID,11.77,3700
1430,2016-08-08 10:11:51,BID,11.77,4000
1431,2016-08-08 10:11:51,ASK,11.78,11600
1432,2016-08-08 10:11:51,ASK,11.78,12100
1433,2016-08-08 10:11:51,TRADE,11.78,4800
1434,2016-08-08 10:11:51,TRADE,11.78,2000
1435,2016-08-08 10:11:51,TRADE,11.78,200
1436,2016-08-08 10:11:51,TRADE,11.78,800
1437,2016-08-08 10:11:51,BID,11.77,800
1438,2016-08-08 10:11:51,ASK,11.78,4300
1439,2016-08-08 10:11:51,ASK,11.78,9300
1440,2016-08-08 10:11:51,ASK,11.78,9600
1441,2016-08-08 10:11:51,TRADE,11.77,200
1442,2016-08-08 10:11:51,TRADE,11.77,300
1443,2016-08-08 10:11:51,TRADE,11.77,300
1444,2016-08-08 10:11:51,BID,11.76,4400
1445,2016-08-08 10:11:51,TRADE,11.76,300
1446,2016-08-08 10:11:51,TRADE,11.76,300
1447,2016-08-08 10:11:51,TRADE,11.76,400
1448,2016-08-08 10:11:51,TRADE,11.76,600
1448,2016-08-08 10:11:51,BID,11.76,2800
1449,2016-08-08 10:11:51,BID,11.77,400
1450,2016-08-08 10:11:51,BID,11.77,700
1451,2016-08-08 10:11:51,BID,11.77,400
1452,2016-08-08 10:11:51,BID,11.77,700
1453,2016-08-08 10:11:51,TRADE,11.78,1600
1454,2016-08-08 10:11:51,ASK,11.78,8000
1455,2016-08-08 10:11:51,ASK,11.78,7500
1456,2016-08-08 10:11:51,ASK,11.78,7000
1457,2016-08-08 10:11:51,TRADE,11.78,600
1458,2016-08-08 10:11:51,ASK,11.78,6400
1459,2016-08-08 10:11:51,ASK,11.78,8400
1460,2016-08-08 10:11:51,TRADE,11.78,100
1461,2016-08-08 10:11:51,ASK,11.78,8300
1462,2016-08-08 10:11:51,ASK,11.78,13500
1463,2016-08-08 10:11:51,ASK,11.78,14200
1464,2016-08-08 10:11:52,TRADE,11.77,400
1465,2016-08-08 10:11:52,TRADE,11.77,300
1466,2016-08-08 10:11:52,BID,11.76,6200
1467,2016-08-08 10:11:52,TRADE,11.76,100
1467,2016-08-08 10:11:52,BID,11.76,6100
1468,2016-08-08 10:11:52,BID,11.77,300
1469,2016-08-08 10:11:52,BID,11.77,6100
1470,2016-08-08 10:11:52,BID,11.77,11100
1471,2016-08-08 10:11:52,ASK,11.78,9200
1472,2016-08-08 10:11:52,TRADE,11.77,300
1473,2016-08-08 10:11:52,TRADE,11.77,5800
1474,2016-08-08 10:11:52,TRADE,11.77,1600
1475,2016-08-08 10:11:52,BID,11.77,3400
1476,2016-08-08 10:11:52,BID,11.77,3700
1477,2016-08-08 10:11:52,ASK,11.78,14200
1478,2016-08-08 10:11:52,ASK,11.78,16800
1479,2016-08-08 10:11:52,TRADE,11.78,800
1480,2016-08-08 10:11:52,ASK,11.78,16000
1481,2016-08-08 10:11:52,TRADE,11.77,2000
1482,2016-08-08 10:11:52,BID,11.77,1700
1483,2016-08-08 10:11:52,TRADE,11.78,100
1484,2016-08-08 10:11:52,TRADE,11.78,100
1485,2016-08-08 10:11:52,TRADE,11.78,300
1486,2016-08-08 10:11:52,TRADE,11.78,800
1487,2016-08-08 10:11:52,ASK,11.78,14700
1488,2016-08-08 10:11:52,ASK,11.78,12100
1489,2016-08-08 10:11:52,BID,11.77,2000
1490,2016-08-08 10:11:52,BID,11.77,2600
1491,2016-08-08 10:11:52,TRADE,11.78,300
1492,2016-08-08 10:11:52,ASK,11.78,11800
1493,2016-08-08 10:11:52,ASK,11.78,6600
1494,2016-08-08 10:11:52,TRADE,11.78,800
1495,2016-08-08 10:11:52,ASK,11.78,5800
1496,2016-08-08 10:11:52,ASK,11.78,10400
1497,2016-08-08 10:11:52,TRADE,11.78,100
1498,2016-08-08 10:11:52,TRADE,11.78,700
1499,2016-08-08 10:11:52,TRADE,11.78,100
1500,2016-08-08 10:11:52,ASK,11.78,9500
1501,2016-08-08 10:11:52,TRADE,11.77,700
1502,2016-08-08 10:11:52,BID,11.77,1900
1503,2016-08-08 10:11:52,TRADE,11.78,600
1504,2016-08-08 10:11:52,ASK,11.78,8900
1505,2016-08-08 10:11:53,TRADE,11.77,100
1506,2016-08-08 10:11:53,BID,11.77,1800
1507,2016-08-08 10:11:53,TRADE,11.78,1300
1508,2016-08-08 10:11:53,ASK,11.78,7600
1509,2016-08-08 10:11:53,TRADE,11.78,1000
1510,2016-08-08 10:11:53,ASK,11.78,6600
1511,2016-08-08 10:11:55,BID,11.77,1900
1512,2016-08-08 10:11:55,TRADE,11.78,600
1513,2016-08-08 10:11:55,ASK,11.78,6000
1514,2016-08-08 10:11:55,TRADE,11.78,600
1515,2016-08-08 10:11:55,ASK,11.78,5400
1516,2016-08-08 10:11:55,TRADE,11.78,800
1517,2016-08-08 10:11:55,TRADE,11.78,500
1518,2016-08-08 10:11:55,ASK,11.78,4100
1519,2016-08-08 10:11:55,TRADE,11.78,800
1520,2016-08-08 10:11:55,ASK,11.78,3300
1521,2016-08-08 10:11:55,TRADE,11.78,400
1522,2016-08-08 10:11:55,ASK,11.78,2900
1523,2016-08-08 10:11:55,TRADE,11.78,100
1524,2016-08-08 10:11:55,ASK,11.78,2800
1525,2016-08-08 10:11:56,ASK,11.78,3000
1526,2016-08-08 10:11:56,BID,11.77,6900
1527,2016-08-08 10:11:56,ASK,11.78,2800
1528,2016-08-08 10:11:56,TRADE,11.77,100
1529,2016-08-08 10:11:56,BID,11.77,6800
1530,2016-08-08 10:11:58,ASK,11.78,7800
1531,2016-08-08 10:12:00,BID,11.77,6700
1532,2016-08-08 10:12:00,TRADE,11.77,100
1533,2016-08-08 10:12:00,BID,11.77,6600
1534,2016-08-08 10:12:00,BID,11.77,6500
1535,2016-08-08 10:12:00,TRADE,11.77,100
1536,2016-08-08 10:12:00,BID,11.77,6400
1537,2016-08-08 10:12:00,TRADE,11.77,200
1538,2016-08-08 10:12:00,BID,11.77,6200
1539,2016-08-08 10:12:00,BID,11.77,5900
1540,2016-08-08 10:12:00,TRADE,11.77,100
1541,2016-08-08 10:12:00,TRADE,11.77,100
1542,2016-08-08 10:12:00,BID,11.77,5700
1543,2016-08-08 10:12:00,BID,11.77,10700
1544,2016-08-08 10:12:03,TRADE,11.77,200
1545,2016-08-08 10:12:03,TRADE,11.77,400
1546,2016-08-08 10:12:03,TRADE,11.77,100
1547,2016-08-08 10:12:03,TRADE,11.77,1800
1548,2016-08-08 10:12:03,BID,11.77,8200
1549,2016-08-08 10:12:03,BID,11.77,10000
1550,2016-08-08 10:12:03,TRADE,11.77,500
1551,2016-08-08 10:12:03,BID,11.77,9500
1552,2016-08-08 10:12:04,BID,11.77,10600
1553,2016-08-08 10:12:05,ASK,11.78,9800
1554,2016-08-08 10:12:05,ASK,11.78,10300
1555,2016-08-08 10:12:05,ASK,11.78,10800
1556,2016-08-08 10:12:05,ASK,11.78,11600
1557,2016-08-08 10:12:05,BID,11.77,10700
1558,2016-08-08 10:12:08,ASK,11.78,16600
1559,2016-08-08 10:12:09,TRADE,11.78,2800
1560,2016-08-08 10:12:09,TRADE,11.78,5000
1561,2016-08-08 10:12:09,TRADE,11.78,700
1562,2016-08-08 10:12:09,ASK,11.78,8100
1563,2016-08-08 10:12:09,ASK,11.78,13100
1564,2016-08-08 10:12:09,TRADE,11.78,1300
1565,2016-08-08 10:12:09,TRADE,11.78,500
1566,2016-08-08 10:12:09,TRADE,11.78,500
1567,2016-08-08 10:12:09,TRADE,11.78,800
1568,2016-08-08 10:12:09,TRADE,11.78,5000
1569,2016-08-08 10:12:09,ASK,11.78,5000
1570,2016-08-08 10:12:09,TRADE,11.78,5000
1571,2016-08-08 10:12:09,ASK,11.79,6300
1572,2016-08-08 10:12:09,ASK,11.79,6800
1573,2016-08-08 10:12:09,ASK,11.79,7300
1574,2016-08-08 10:12:09,ASK,11.78,5000
1575,2016-08-08 10:12:09,ASK,11.78,5300
1576,2016-08-08 10:12:09,ASK,11.78,5600
1577,2016-08-08 10:12:09,ASK,11.78,6000
1578,2016-08-08 10:12:09,ASK,11.78,5600
1579,2016-08-08 10:12:09,ASK,11.78,6000
1580,2016-08-08 10:12:09,TRADE,11.77,200
1581,2016-08-08 10:12:09,BID,11.77,10500
1582,2016-08-08 10:12:10,ASK,11.78,9800
1583,2016-08-08 10:12:10,ASK,11.78,12000
1584,2016-08-08 10:12:10,TRADE,11.78,5000
1585,2016-08-08 10:12:10,TRADE,11.78,300
1586,2016-08-08 10:12:10,TRADE,11.78,300
1587,2016-08-08 10:12:10,TRADE,11.78,400
1588,2016-08-08 10:12:10,TRADE,11.78,3800
1589,2016-08-08 10:12:10,TRADE,11.78,200
1590,2016-08-08 10:12:10,ASK,11.78,2000
1591,2016-08-08 10:12:10,ASK,11.79,7300
1592,2016-08-08 10:12:10,ASK,11.78,5000
1593,2016-08-08 10:12:10,ASK,11.78,5300
1594,2016-08-08 10:12:10,ASK,11.78,5600
1595,2016-08-08 10:12:10,ASK,11.78,6000
1596,2016-08-08 10:12:10,TRADE,11.77,100
1597,2016-08-08 10:12:10,BID,11.77,10400
1598,2016-08-08 10:12:11,TRADE,11.78,5000
1599,2016-08-08 10:12:11,ASK,11.78,1000
1600,2016-08-08 10:12:11,ASK,11.78,6000
1601,2016-08-08 10:12:11,ASK,11.78,5600
1602,2016-08-08 10:12:11,TRADE,11.78,300
1603,2016-08-08 10:12:11,TRADE,11.78,300
1604,2016-08-08 10:12:11,TRADE,11.78,400
1605,2016-08-08 10:12:11,ASK,11.78,4600
1606,2016-08-08 10:12:11,ASK,11.78,4900
1607,2016-08-08 10:12:11,ASK,11.78,5200
1608,2016-08-08 10:12:11,ASK,11.78,5600
1609,2016-08-08 10:12:11,ASK,11.78,6300
1610,2016-08-08 10:12:11,BID,11.77,11200
1611,2016-08-08 10:12:11,TRADE,11.77,100
1612,2016-08-08 10:12:11,BID,11.77,11100
1613,2016-08-08 10:12:12,TRADE,11.78,4600
1614,2016-08-08 10:12:12,ASK,11.78,1700
1615,2016-08-08 10:12:12,ASK,11.78,1300
1616,2016-08-08 10:12:12,ASK,11.78,6000
1617,2016-08-08 10:12:12,TRADE,11.78,300
1618,2016-08-08 10:12:12,TRADE,11.78,100
1619,2016-08-08 10:12:12,BID,11.77,6100
1620,2016-08-08 10:12:12,ASK,11.78,5600
1621,2016-08-08 10:12:12,ASK,11.78,5900
1622,2016-08-08 10:12:12,ASK,11.78,6300
1623,2016-08-08 10:12:12,ASK,11.78,8900
1624,2016-08-08 10:12:12,ASK,11.78,10100
1625,2016-08-08 10:12:12,TRADE,11.78,200
1626,2016-08-08 10:12:12,TRADE,11.78,400
1627,2016-08-08 10:12:12,ASK,11.78,9500
1628,2016-08-08 10:12:12,TRADE,11.77,100
1629,2016-08-08 10:12:12,BID,11.77,6000
1630,2016-08-08 10:12:12,TRADE,11.78,300
1631,2016-08-08 10:12:12,TRADE,11.78,900
1632,2016-08-08 10:12:12,ASK,11.78,8300
1633,2016-08-08 10:12:13,TRADE,11.78,700
1634,2016-08-08 10:12:13,ASK,11.78,7600
1635,2016-08-08 10:12:13,TRADE,11.78,3100
1636,2016-08-08 10:12:13,TRADE,11.78,300
1637,2016-08-08 10:12:13,TRADE,11.78,400
1638,2016-08-08 10:12:13,TRADE,11.78,1200
1639,2016-08-08 10:12:13,ASK,11.78,2600
1640,2016-08-08 10:12:13,ASK,11.78,1200
1641,2016-08-08 10:12:13,ASK,11.78,6200
1642,2016-08-08 10:12:13,ASK,11.78,6500
1643,2016-08-08 10:12:13,ASK,11.78,6800
1644,2016-08-08 10:12:13,TRADE,11.78,1200
1645,2016-08-08 10:12:13,TRADE,11.78,100
1646,2016-08-08 10:12:13,ASK,11.78,5500
1647,2016-08-08 10:12:13,ASK,11.78,8200
1648,2016-08-08 10:12:13,TRADE,11.78,700
1649,2016-08-08 10:12:13,ASK,11.78,7500
1650,2016-08-08 10:12:13,TRADE,11.78,600
1651,2016-08-08 10:12:13,ASK,11.78,6900
1652,2016-08-08 10:12:13,TRADE,11.78,1300
1653,2016-08-08 10:12:13,ASK,11.78,5600
1654,2016-08-08 10:12:13,ASK,11.78,6000
1655,2016-08-08 10:12:13,TRADE,11.78,600
1656,2016-08-08 10:12:13,ASK,11.78,5400
1657,2016-08-08 10:12:13,TRADE,11.77,100
1658,2016-08-08 10:12:13,BID,11.77,5900
1659,2016-08-08 10:12:13,BID,11.77,6200
1660,2016-08-08 10:12:13,BID,11.77,6600
1661,2016-08-08 10:12:13,TRADE,11.78,700
1662,2016-08-08 10:12:13,ASK,11.78,4700
1663,2016-08-08 10:12:13,ASK,11.78,2000
1664,2016-08-08 10:12:13,TRADE,11.78,1000
1665,2016-08-08 10:12:13,TRADE,11.78,200
1666,2016-08-08 10:12:13,ASK,11.78,800
1667,2016-08-08 10:12:13,ASK,11.78,400
1668,2016-08-08 10:12:14,TRADE,11.78,100
1669,2016-08-08 10:12:14,TRADE,11.78,300
1670,2016-08-08 10:12:14,BID,11.78,4500
1671,2016-08-08 10:12:14,ASK,11.79,7800
1672,2016-08-08 10:12:14,TRADE,11.78,4500
1673,2016-08-08 10:12:14,BID,11.77,6600
1674,2016-08-08 10:12:14,BID,11.78,5000
1675,2016-08-08 10:12:14,BID,11.78,5400
1676,2016-08-08 10:12:14,BID,11.78,5000
1677,2016-08-08 10:12:14,TRADE,11.79,200
1678,2016-08-08 10:12:14,TRADE,11.79,400
1679,2016-08-08 10:12:14,ASK,11.79,7200
1680,2016-08-08 10:12:14,TRADE,11.78,4500
1681,2016-08-08 10:12:14,BID,11.78,500
1682,2016-08-08 10:12:14,TRADE,11.78,500
1683,2016-08-08 10:12:14,BID,11.77,6600
1684,2016-08-08 10:12:14,BID,11.78,700
1685,2016-08-08 10:12:14,TRADE,11.78,700
1686,2016-08-08 10:12:14,BID,11.77,6600
1687,2016-08-08 10:12:14,BID,11.78,600
1688,2016-08-08 10:12:14,TRADE,11.78,600
1689,2016-08-08 10:12:14,BID,11.77,6600
1690,2016-08-08 10:12:14,ASK,11.79,8900
1691,2016-08-08 10:12:14,BID,11.78,500
1692,2016-08-08 10:12:14,TRADE,11.78,500
1693,2016-08-08 10:12:14,BID,11.77,6600
1694,2016-08-08 10:12:14,ASK,11.78,300
1695,2016-08-08 10:12:14,ASK,11.78,600
1696,2016-08-08 10:12:14,ASK,11.78,1000
1697,2016-08-08 10:12:14,ASK,11.78,6000
1698,2016-08-08 10:12:14,TRADE,11.78,100
1699,2016-08-08 10:12:14,ASK,11.78,5900
1700,2016-08-08 10:12:14,BID,11.77,11600
1701,2016-08-08 10:12:17,TRADE,11.78,200
1702,2016-08-08 10:12:17,TRADE,11.78,300
1703,2016-08-08 10:12:17,TRADE,11.78,400
1704,2016-08-08 10:12:17,TRADE,11.78,5000
1705,2016-08-08 10:12:17,ASK,11.79,7900
1706,2016-08-08 10:12:17,ASK,11.78,300
1707,2016-08-08 10:12:17,TRADE,11.78,300
1708,2016-08-08 10:12:17,BID,11.78,4700
1709,2016-08-08 10:12:17,ASK,11.79,7900
1710,2016-08-08 10:12:17,TRADE,11.78,4700
1711,2016-08-08 10:12:17,BID,11.77,11600
1712,2016-08-08 10:12:17,BID,11.78,400
1713,2016-08-08 10:12:17,BID,11.78,700
1714,2016-08-08 10:12:17,BID,11.78,300
1715,2016-08-08 10:12:17,BID,11.77,11600
1716,2016-08-08 10:12:17,BID,11.78,5000
1717,2016-08-08 10:12:17,TRADE,11.78,300
1718,2016-08-08 10:12:17,BID,11.78,4700
1719,2016-08-08 10:12:17,TRADE,11.78,300
1720,2016-08-08 10:12:17,BID,11.78,4400
1721,2016-08-08 10:12:17,BID,11.78,4800
1722,2016-08-08 10:12:17,TRADE,11.78,4400
1723,2016-08-08 10:12:17,TRADE,11.78,400
1724,2016-08-08 10:12:17,BID,11.77,11600
1725,2016-08-08 10:12:17,ASK,11.78,5000
1726,2016-08-08 10:12:17,ASK,11.78,5300
1727,2016-08-08 10:12:17,ASK,11.78,5700
1728,2016-08-08 10:12:17,ASK,11.78,6000
1729,2016-08-08 10:12:17,TRADE,11.78,700
1730,2016-08-08 10:12:17,BID,11.77,6600
1731,2016-08-08 10:12:17,ASK,11.78,5300
1732,2016-08-08 10:12:17,TRADE,11.78,600
1733,2016-08-08 10:12:17,ASK,11.78,4700
1734,2016-08-08 10:12:17,ASK,11.78,6400
1735,2016-08-08 10:12:17,TRADE,11.78,200
1736,2016-08-08 10:12:17,ASK,11.78,6200
1737,2016-08-08 10:12:17,BID,11.77,11600
1738,2016-08-08 10:12:17,ASK,11.78,5900
1739,2016-08-08 10:12:19,ASK,11.78,2400
1740,2016-08-08 10:12:19,ASK,11.78,2000
1741,2016-08-08 10:12:19,ASK,11.78,1700
1742,2016-08-08 10:12:19,TRADE,11.78,1700
1743,2016-08-08 10:12:19,BID,11.78,700
1744,2016-08-08 10:12:19,ASK,11.79,6200
1745,2016-08-08 10:12:19,BID,11.78,5700
1746,2016-08-08 10:12:19,BID,11.78,6000
1747,2016-08-08 10:12:19,BID,11.78,6300
1748,2016-08-08 10:12:19,BID,11.78,6700
1749,2016-08-08 10:12:19,BID,11.78,6000
1750,2016-08-08 10:12:19,TRADE,11.79,400
1751,2016-08-08 10:12:19,ASK,11.79,5800
1752,2016-08-08 10:12:19,ASK,11.79,6100
1753,2016-08-08 10:12:19,ASK,11.79,6500
1754,2016-08-08 10:12:19,ASK,11.79,6800
1755,2016-08-08 10:12:19,TRADE,11.79,4200
1756,2016-08-08 10:12:19,TRADE,11.79,100
1757,2016-08-08 10:12:19,TRADE,11.79,1000
1758,2016-08-08 10:12:19,TRADE,11.79,500
1759,2016-08-08 10:12:19,ASK,11.79,1000
1760,2016-08-08 10:12:19,ASK,11.79,700
1761,2016-08-08 10:12:19,ASK,11.79,300
1762,2016-08-08 10:12:19,BID,11.78,11000
1763,2016-08-08 10:12:19,ASK,11.8,11800
1764,2016-08-08 10:12:19,ASK,11.8,12300
1765,2016-08-08 10:12:19,ASK,11.8,12800
1766,2016-08-08 10:12:19,BID,11.78,11100
1767,2016-08-08 10:12:19,BID,11.79,400
1768,2016-08-08 10:12:19,BID,11.79,5400
1769,2016-08-08 10:12:19,TRADE,11.79,400
1770,2016-08-08 10:12:19,BID,11.79,5000
1771,2016-08-08 10:12:19,TRADE,11.79,5000
1772,2016-08-08 10:12:19,BID,11.78,11100
1773,2016-08-08 10:12:19,BID,11.79,300
1774,2016-08-08 10:12:19,BID,11.79,700
1775,2016-08-08 10:12:19,BID,11.79,400
1776,2016-08-08 10:12:19,TRADE,11.79,300
1777,2016-08-08 10:12:19,BID,11.79,100
1778,2016-08-08 10:12:19,BID,11.78,11100
1779,2016-08-08 10:12:19,BID,11.78,10700
1780,2016-08-08 10:12:19,TRADE,11.8,400
1781,2016-08-08 10:12:19,BID,11.78,5700
1782,2016-08-08 10:12:19,ASK,11.8,12400
1783,2016-08-08 10:12:19,ASK,11.79,300
1784,2016-08-08 10:12:19,ASK,11.79,5300
1785,2016-08-08 10:12:19,ASK,11.79,5700
1786,2016-08-08 10:12:19,ASK,11.79,6000
1787,2016-08-08 10:12:19,BID,11.78,5400
1788,2016-08-08 10:12:19,TRADE,11.79,300
1789,2016-08-08 10:12:19,TRADE,11.79,300
1790,2016-08-08 10:12:19,ASK,11.79,5400
1791,2016-08-08 10:12:19,ASK,11.79,5700
1792,2016-08-08 10:12:19,TRADE,11.78,1000
1793,2016-08-08 10:12:19,BID,11.78,4400
1794,2016-08-08 10:12:19,ASK,11.79,7700
1795,2016-08-08 10:12:19,ASK,11.79,8100
1796,2016-08-08 10:12:19,ASK,11.79,8600
1797,2016-08-08 10:12:19,TRADE,11.79,600
1798,2016-08-08 10:12:19,ASK,11.79,8000
1800,2016-08-08 10:12:19,TRADE,11.79,400
1801,2016-08-08 10:12:19,ASK,11.79,7600
1802,2016-08-08 10:12:19,TRADE,11.79,100
1803,2016-08-08 10:12:19,ASK,11.79,7500
1804,2016-08-08 10:12:20,BID,11.78,9400
1805,2016-08-08 10:12:20,TRADE,11.78,4000
1806,2016-08-08 10:12:20,TRADE,11.78,300
1807,2016-08-08 10:12:20,TRADE,11.78,100
1808,2016-08-08 10:12:20,TRADE,11.78,600
1809,2016-08-08 10:12:20,BID,11.78,4400
1810,2016-08-08 10:12:20,BID,11.78,9400
1811,2016-08-08 10:12:20,TRADE,11.78,4400
1812,2016-08-08 10:12:20,TRADE,11.78,5000
1813,2016-08-08 10:12:20,BID,11.78,600
1814,2016-08-08 10:12:20,BID,11.78,5600
1815,2016-08-08 10:12:20,BID,11.78,5900
1816,2016-08-08 10:12:20,BID,11.78,6200
1817,2016-08-08 10:12:20,TRADE,11.79,3600
1818,2016-08-08 10:12:20,TRADE,11.79,400
1819,2016-08-08 10:12:20,TRADE,11.79,300
1820,2016-08-08 10:12:20,TRADE,11.79,300
1821,2016-08-08 10:12:20,TRADE,11.79,2000
1822,2016-08-08 10:12:20,TRADE,11.79,400
1823,2016-08-08 10:12:20,TRADE,11.79,500
1824,2016-08-08 10:12:20,ASK,11.8,12500
1825,2016-08-08 10:12:20,TRADE,11.8,2100
1826,2016-08-08 10:12:20,TRADE,11.8,400
1826,2016-08-08 10:12:20,ASK,11.8,10000
1827,2016-08-08 10:12:20,BID,11.79,400
1828,2016-08-08 10:12:20,BID,11.78,6200
1829,2016-08-08 10:12:20,ASK,11.8,11000
1830,2016-08-08 10:12:20,ASK,11.8,12000
1831,2016-08-08 10:12:20,ASK,11.8,11000
1832,2016-08-08 10:12:21,ASK,11.8,10000
1833,2016-08-08 10:12:21,ASK,11.8,11000
1834,2016-08-08 10:12:21,ASK,11.79,300
1835,2016-08-08 10:12:21,ASK,11.79,700
1836,2016-08-08 10:12:21,ASK,11.79,5700
1837,2016-08-08 10:12:21,ASK,11.79,6000
1838,2016-08-08 10:12:23,BID,11.78,8200
1839,2016-08-08 10:12:23,TRADE,11.79,300
1840,2016-08-08 10:12:23,TRADE,11.79,400
1841,2016-08-08 10:12:23,TRADE,11.79,500
1842,2016-08-08 10:12:23,ASK,11.79,4800
1843,2016-08-08 10:12:23,ASK,11.79,5100
1844,2016-08-08 10:12:23,ASK,11.79,5500
1845,2016-08-08 10:12:23,BID,11.78,9300
1846,2016-08-08 10:12:24,ASK,11.79,5100
1847,2016-08-08 10:12:24,BID,11.78,9400
1848,2016-08-08 10:12:24,ASK,11.79,4800
1849,2016-08-08 10:12:25,TRADE,11.79,2900
1850,2016-08-08 10:12:25,ASK,11.79,1900
1851,2016-08-08 10:12:25,TRADE,11.78,600
1852,2016-08-08 10:12:25,TRADE,11.78,2600
1853,2016-08-08 10:12:25,BID,11.78,6200
1854,2016-08-08 10:12:25,ASK,11.79,300
1855,2016-08-08 10:12:25,ASK,11.79,5300
1856,2016-08-08 10:12:25,ASK,11.79,5700
1857,2016-08-08 10:12:25,TRADE,11.79,300
1858,2016-08-08 10:12:25,TRADE,11.79,1600
1859,2016-08-08 10:12:25,ASK,11.79,3800
1860,2016-08-08 10:12:25,ASK,11.79,4100
1861,2016-08-08 10:12:25,ASK,11.79,4400
1862,2016-08-08 10:12:27,TRADE,11.79,3400
1863,2016-08-08 10:12:27,TRADE,11.79,400
1864,2016-08-08 10:12:27,TRADE,11.79,300
1865,2016-08-08 10:12:27,TRADE,11.79,300
1866,2016-08-08 10:12:27,BID,11.79,10400
1867,2016-08-08 10:12:27,ASK,11.8,11400
1868,2016-08-08 10:12:27,BID,11.79,15400
1869,2016-08-08 10:12:27,ASK,11.8,10900
1870,2016-08-08 10:12:27,ASK,11.8,10400
1871,2016-08-08 10:12:27,ASK,11.8,8300
1872,2016-08-08 10:12:27,TRADE,11.8,1800
1873,2016-08-08 10:12:27,TRADE,11.8,5000
1874,2016-08-08 10:12:27,TRADE,11.8,100
1875,2016-08-08 10:12:27,TRADE,11.8,1400
1876,2016-08-08 10:12:27,BID,11.8,1700
1877,2016-08-08 10:12:27,ASK,11.81,10000
1878,2016-08-08 10:12:27,BID,11.8,6700
1879,2016-08-08 10:12:27,TRADE,11.8,1700
1880,2016-08-08 10:12:27,BID,11.8,5000
1881,2016-08-08 10:12:27,TRADE,11.8,300
1882,2016-08-08 10:12:27,BID,11.8,4700
1883,2016-08-08 10:12:27,TRADE,11.8,1700
1884,2016-08-08 10:12:27,BID,11.8,3000
1885,2016-08-08 10:12:27,BID,11.8,3400
1886,2016-08-08 10:12:27,BID,11.8,3000
1887,2016-08-08 10:12:27,TRADE,11.8,3000
1888,2016-08-08 10:12:27,BID,11.79,15400
1889,2016-08-08 10:12:27,ASK,11.8,300
1890,2016-08-08 10:12:27,ASK,11.8,5300
1892,2016-08-08 10:12:27,ASK,11.8,5700
1893,2016-08-08 10:12:27,ASK,11.8,6000
1894,2016-08-08 10:12:27,ASK,11.8,7000
1895,2016-08-08 10:12:27,ASK,11.8,8000
1896,2016-08-08 10:12:27,TRADE,11.79,1000
1897,2016-08-08 10:12:27,BID,11.79,14400
1898,2016-08-08 10:12:27,ASK,11.8,7000
1899,2016-08-08 10:12:27,TRADE,11.79,1000
1900,2016-08-08 10:12:27,BID,11.79,13400
1901,2016-08-08 10:12:27,ASK,11.8,6000
1902,2016-08-08 10:12:27,ASK,11.8,5600
1904,2016-08-08 10:12:27,BID,11.79,13500
1905,2016-08-08 10:12:27,ASK,11.8,6500
1909,2016-08-08 10:12:30,TRADE,11.8,300
1910,2016-08-08 10:12:30,TRADE,11.8,1700
1911,2016-08-08 10:12:30,ASK,11.8,4500
1912,2016-08-08 10:12:30,ASK,11.8,4800
1913,2016-08-08 10:12:30,TRADE,11.8,3300
1914,2016-08-08 10:12:30,TRADE,11.8,300
1915,2016-08-08 10:12:30,TRADE,11.8,900
1916,2016-08-08 10:12:30,ASK,11.8,300
1917,2016-08-08 10:12:30,ASK,11.8,5300
1918,2016-08-08 10:12:30,ASK,11.8,5700
1919,2016-08-08 10:12:30,BID,11.79,22500
1920,2016-08-08 10:12:30,ASK,11.8,5300
1921,2016-08-08 10:12:31,BID,11.79,23500
1924,2016-08-08 10:12:34,ASK,11.8,5700
1925,2016-08-08 10:12:36,TRADE,11.8,300
1926,2016-08-08 10:12:36,TRADE,11.8,4700
1927,2016-08-08 10:12:36,ASK,11.8,700
1928,2016-08-08 10:12:36,ASK,11.8,1000
1929,2016-08-08 10:12:36,ASK,11.8,700
1930,2016-08-08 10:12:36,ASK,11.8,300
1931,2016-08-08 10:12:36,ASK,11.81,10100
1932,2016-08-08 10:12:36,BID,11.8,700
1933,2016-08-08 10:12:36,BID,11.8,5700
1934,2016-08-08 10:12:36,TRADE,11.8,700
1935,2016-08-08 10:12:36,BID,11.8,5000
1936,2016-08-08 10:12:36,TRADE,11.8,700
1937,2016-08-08 10:12:36,BID,11.8,4300
1938,2016-08-08 10:12:36,TRADE,11.8,1900
1939,2016-08-08 10:12:36,BID,11.8,2400
1940,2016-08-08 10:12:36,TRADE,11.8,2400
1941,2016-08-08 10:12:36,BID,11.79,23500
1942,2016-08-08 10:12:36,BID,11.8,4500
1943,2016-08-08 10:12:36,TRADE,11.8,200
1944,2016-08-08 10:12:36,BID,11.8,4300
1945,2016-08-08 10:12:36,TRADE,11.8,4300
1946,2016-08-08 10:12:36,BID,11.79,23500
1947,2016-08-08 10:12:36,BID,11.8,4500
1948,2016-08-08 10:12:36,BID,11.79,23500
1949,2016-08-08 10:12:36,BID,11.8,4500
1950,2016-08-08 10:12:36,BID,11.79,23500
1951,2016-08-08 10:12:36,ASK,11.81,10600
1952,2016-08-08 10:12:36,ASK,11.81,11100
1953,2016-08-08 10:12:36,ASK,11.8,300
1954,2016-08-08 10:12:36,ASK,11.8,700
1955,2016-08-08 10:12:36,ASK,11.8,5700
1956,2016-08-08 10:12:36,ASK,11.8,6000
1957,2016-08-08 10:12:37,TRADE,11.8,300
1958,2016-08-08 10:12:37,TRADE,11.8,400
1959,2016-08-08 10:12:37,TRADE,11.8,5000
1960,2016-08-08 10:12:37,TRADE,11.8,300
1961,2016-08-08 10:12:37,ASK,11.81,11100
1962,2016-08-08 10:12:37,TRADE,11.81,4000
1962,2016-08-08 10:12:37,ASK,11.81,7100
1963,2016-08-08 10:12:37,BID,11.8,4500
1964,2016-08-08 10:12:37,BID,11.8,4800
1965,2016-08-08 10:12:37,ASK,11.81,6600
1966,2016-08-08 10:12:37,ASK,11.81,6100
1967,2016-08-08 10:12:37,TRADE,11.81,1000
1968,2016-08-08 10:12:37,TRADE,11.81,1600
1969,2016-08-08 10:12:37,ASK,11.81,3500
1970,2016-08-08 10:12:37,ASK,11.81,8000
1971,2016-08-08 10:12:37,BID,11.8,5100
1972,2016-08-08 10:12:37,BID,11.8,5500
1973,2016-08-08 10:12:37,ASK,11.81,8300
1974,2016-08-08 10:12:37,ASK,11.81,8700
1975,2016-08-08 10:12:37,BID,11.8,10500
1976,2016-08-08 10:12:37,BID,11.8,10200
1977,2016-08-08 10:12:37,BID,11.8,9800
1978,2016-08-08 10:12:37,BID,11.8,9900
1979,2016-08-08 10:12:40,TRADE,11.81,100
1980,2016-08-08 10:12:40,ASK,11.81,8600
1981,2016-08-08 10:12:40,BID,11.8,11000
1982,2016-08-08 10:12:41,TRADE,11.81,3300
1983,2016-08-08 10:12:41,TRADE,11.81,100
1984,2016-08-08 10:12:41,TRADE,11.81,100
1985,2016-08-08 10:12:41,ASK,11.81,5100
1986,2016-08-08 10:12:41,ASK,11.81,5300
1987,2016-08-08 10:12:41,TRADE,11.8,1200
1988,2016-08-08 10:12:41,BID,11.8,9800
1989,2016-08-08 10:12:41,ASK,11.81,5600
1990,2016-08-08 10:12:42,ASK,11.81,5700
1991,2016-08-08 10:12:43,TRADE,11.8,3200
1992,2016-08-08 10:12:43,BID,11.8,6600
1993,2016-08-08 10:12:43,TRADE,11.8,100
1994,2016-08-08 10:12:43,TRADE,11.8,300
1995,2016-08-08 10:12:43,TRADE,11.8,1100
1996,2016-08-08 10:12:43,BID,11.8,5100
1997,2016-08-08 10:12:43,TRADE,11.8,200
1998,2016-08-08 10:12:43,BID,11.8,4900
1999,2016-08-08 10:12:43,TRADE,11.8,400
2000,2016-08-08 10:12:43,BID,11.8,4500
2001,2016-08-08 10:12:43,TRADE,11.8,100
2002,2016-08-08 10:12:43,BID,11.8,4400
2003,2016-08-08 10:12:43,BID,11.8,1200
2004,2016-08-08 10:12:43,TRADE,11.8,100
2005,2016-08-08 10:12:43,TRADE,11.8,300
2006,2016-08-08 10:12:43,BID,11.8,800
2007,2016-08-08 10:12:43,TRADE,11.8,800
2008,2016-08-08 10:12:43,BID,11.79,22500
2009,2016-08-08 10:12:43,ASK,11.8,400
2010,2016-08-08 10:12:43,ASK,11.8,5400
2011,2016-08-08 10:12:43,ASK,11.8,5700
2012,2016-08-08 10:12:43,ASK,11.8,7700
2013,2016-08-08 10:12:43,ASK,11.8,8000
2014,2016-08-08 10:12:43,TRADE,11.8,400
2015,2016-08-08 10:12:43,TRADE,11.8,4100
2016,2016-08-08 10:12:43,ASK,11.8,3500
2017,2016-08-08 10:12:43,ASK,11.8,1500
2018,2016-08-08 10:12:43,ASK,11.8,1200
2019,2016-08-08 10:12:43,ASK,11.8,1600
2020,2016-08-08 10:12:43,BID,11.79,31400
2021,2016-08-08 10:12:43,TRADE,11.8,900
2022,2016-08-08 10:12:43,TRADE,11.8,300
2023,2016-08-08 10:12:43,TRADE,11.8,400
2024,2016-08-08 10:12:43,ASK,11.81,5700
2025,2016-08-08 10:12:43,TRADE,11.81,4400
2026,2016-08-08 10:12:43,TRADE,11.81,300
2027,2016-08-08 10:12:43,TRADE,11.81,400
2028,2016-08-08 10:12:43,TRADE,11.81,200
2029,2016-08-08 10:12:43,TRADE,11.81,300
2030,2016-08-08 10:12:43,TRADE,11.81,100
2030,2016-08-08 10:12:43,BID,11.81,92700
2031,2016-08-08 10:12:43,ASK,11.82,21100
2032,2016-08-08 10:12:43,TRADE,11.81,400
2033,2016-08-08 10:12:43,BID,11.81,92300
2034,2016-08-08 10:12:43,ASK,11.82,18300
2035,2016-08-08 10:12:43,TRADE,11.81,8000
2036,2016-08-08 10:12:43,BID,11.81,84300
2037,2016-08-08 10:12:43,TRADE,11.81,43500
2038,2016-08-08 10:12:43,BID,11.81,40800
2039,2016-08-08 10:12:43,ASK,11.82,18800
2040,2016-08-08 10:12:43,ASK,11.82,20700
2041,2016-08-08 10:12:43,TRADE,11.81,300
2042,2016-08-08 10:12:43,BID,11.81,40500
2043,2016-08-08 10:12:43,TRADE,11.81,40500
2044,2016-08-08 10:12:43,BID,11.8,5700
2045,2016-08-08 10:12:43,ASK,11.81,400
2046,2016-08-08 10:12:43,ASK,11.81,700
2047,2016-08-08 10:12:43,BID,11.8,700
2048,2016-08-08 10:12:43,ASK,11.81,5700
2049,2016-08-08 10:12:43,BID,11.8,300
2050,2016-08-08 10:12:43,BID,11.79,31400
2051,2016-08-08 10:12:43,ASK,11.8,400
2052,2016-08-08 10:12:43,TRADE,11.8,400
2053,2016-08-08 10:12:43,BID,11.8,4100
2054,2016-08-08 10:12:43,ASK,11.81,5700
2055,2016-08-08 10:12:43,BID,11.8,4400
2056,2016-08-08 10:12:43,BID,11.8,300
2057,2016-08-08 10:12:43,BID,11.8,4800
2058,2016-08-08 10:12:43,ASK,11.81,6900
2059,2016-08-08 10:12:43,BID,11.8,4500
2060,2016-08-08 10:12:43,TRADE,11.8,400
2061,2016-08-08 10:12:43,BID,11.8,4100
2062,2016-08-08 10:12:43,TRADE,11.8,4100
2063,2016-08-08 10:12:43,BID,11.79,31400
2064,2016-08-08 10:12:43,ASK,11.8,400
2065,2016-08-08 10:12:43,ASK,11.8,900
2066,2016-08-08 10:12:43,ASK,11.8,2100
2067,2016-08-08 10:12:43,TRADE,11.8,400
2068,2016-08-08 10:12:43,TRADE,11.8,500
2069,2016-08-08 10:12:43,TRADE,11.8,1200
2070,2016-08-08 10:12:43,BID,11.8,2400
2071,2016-08-08 10:12:43,ASK,11.81,1900
2072,2016-08-08 10:12:43,TRADE,11.8,400
2073,2016-08-08 10:12:43,BID,11.8,2000
2074,2016-08-08 10:12:43,ASK,11.81,6900
2075,2016-08-08 10:12:43,BID,11.8,2300
2076,2016-08-08 10:12:43,BID,11.8,300
2077,2016-08-08 10:12:43,TRADE,11.8,300
2078,2016-08-08 10:12:43,BID,11.79,31400
2079,2016-08-08 10:12:43,ASK,11.8,400
2080,2016-08-08 10:12:43,TRADE,11.8,400
2081,2016-08-08 10:12:43,ASK,11.81,1900
2082,2016-08-08 10:12:43,BID,11.8,4500
2083,2016-08-08 10:12:43,BID,11.8,4800
2084,2016-08-08 10:12:43,BID,11.8,5100
2085,2016-08-08 10:12:43,BID,11.8,5500
2086,2016-08-08 10:12:44,TRADE,11.81,300
2087,2016-08-08 10:12:44,ASK,11.81,1600
2088,2016-08-08 10:12:44,ASK,11.81,6600
2089,2016-08-08 10:12:44,BID,11.8,10500
2090,2016-08-08 10:12:44,TRADE,11.8,2400
2091,2016-08-08 10:12:44,BID,11.8,8100
2092,2016-08-08 10:12:44,TRADE,11.8,100
2093,2016-08-08 10:12:44,BID,11.8,8000
2094,2016-08-08 10:12:44,BID,11.8,10900
2095,2016-08-08 10:12:44,TRADE,11.8,1700
2096,2016-08-08 10:12:44,BID,11.8,9200
2097,2016-08-08 10:12:44,TRADE,11.8,300
2098,2016-08-08 10:12:44,TRADE,11.8,300
2099,2016-08-08 10:12:44,TRADE,11.8,200
2100,2016-08-08 10:12:44,BID,11.8,8400
2101,2016-08-08 10:12:44,BID,11.8,5500
2102,2016-08-08 10:12:44,BID,11.8,5800
2103,2016-08-08 10:12:44,BID,11.8,5700
2104,2016-08-08 10:12:44,TRADE,11.8,400
2105,2016-08-08 10:12:44,TRADE,11.8,600
2106,2016-08-08 10:12:44,BID,11.8,4700
2107,2016-08-08 10:12:44,BID,11.8,5100
2108,2016-08-08 10:12:44,TRADE,11.8,400
2109,2016-08-08 10:12:44,BID,11.8,4700
2110,2016-08-08 10:12:44,TRADE,11.8,1100
2111,2016-08-08 10:12:44,BID,11.8,3600
2112,2016-08-08 10:12:44,BID,11.8,3300
2113,2016-08-08 10:12:44,BID,11.8,2900
2114,2016-08-08 10:12:44,TRADE,11.8,2900
2115,2016-08-08 10:12:44,BID,11.79,31400
2116,2016-08-08 10:12:44,BID,11.8,4500
2117,2016-08-08 10:12:44,BID,11.8,4900
2118,2016-08-08 10:12:44,TRADE,11.8,500
2119,2016-08-08 10:12:44,BID,11.8,4400
2120,2016-08-08 10:12:44,TRADE,11.8,400
2121,2016-08-08 10:12:44,BID,11.8,4000
2122,2016-08-08 10:12:44,BID,11.8,4300
2123,2016-08-08 10:12:44,BID,11.8,4600
2124,2016-08-08 10:12:45,TRADE,11.81,100
2125,2016-08-08 10:12:45,TRADE,11.81,300
2126,2016-08-08 10:12:45,TRADE,11.81,600
2127,2016-08-08 10:12:45,ASK,11.81,5600
2128,2016-08-08 10:12:45,BID,11.8,9600
2129,2016-08-08 10:12:45,ASK,11.81,6000
2130,2016-08-08 10:12:45,BID,11.8,18700
2131,2016-08-08 10:12:46,BID,11.8,20700
2132,2016-08-08 10:12:47,TRADE,11.8,600
2133,2016-08-08 10:12:47,BID,11.8,20100
2134,2016-08-08 10:12:47,ASK,11.81,5400
2135,2016-08-08 10:12:47,BID,11.8,20200
2136,2016-08-08 10:12:48,TRADE,11.81,5000
2137,2016-08-08 10:12:48,TRADE,11.81,400
2138,2016-08-08 10:12:48,BID,11.81,4600
2139,2016-08-08 10:12:48,ASK,11.82,16200
2140,2016-08-08 10:12:48,ASK,11.82,21200
2141,2016-08-08 10:12:48,BID,11.81,4900
2142,2016-08-08 10:12:48,TRADE,11.81,1200
2143,2016-08-08 10:12:48,BID,11.81,3700
2144,2016-08-08 10:12:48,BID,11.81,4100
2145,2016-08-08 10:12:48,TRADE,11.81,3400
2146,2016-08-08 10:12:48,TRADE,11.81,300
2147,2016-08-08 10:12:48,TRADE,11.81,400
2148,2016-08-08 10:12:48,BID,11.8,20200
2149,2016-08-08 10:12:48,ASK,11.81,5000
2150,2016-08-08 10:12:48,ASK,11.81,5400
2151,2016-08-08 10:12:48,ASK,11.81,5700
2152,2016-08-08 10:12:48,TRADE,11.8,3000
2153,2016-08-08 10:12:48,TRADE,11.8,400
2154,2016-08-08 10:12:48,TRADE,11.8,300
2155,2016-08-08 10:12:48,TRADE,11.8,300
2156,2016-08-08 10:12:48,TRADE,11.8,5000
2157,2016-08-08 10:12:48,TRADE,11.8,1000
2158,2016-08-08 10:12:48,BID,11.8,10200
2159,2016-08-08 10:12:48,ASK,11.81,6000
2160,2016-08-08 10:12:48,BID,11.8,15200
2161,2016-08-08 10:12:48,TRADE,11.8,8100
2162,2016-08-08 10:12:48,TRADE,11.8,2000
2163,2016-08-08 10:12:48,TRADE,11.8,100
2164,2016-08-08 10:12:48,BID,11.8,5000
2165,2016-08-08 10:12:48,BID,11.79,22600
2166,2016-08-08 10:12:48,BID,11.79,22500
2167,2016-08-08 10:12:48,ASK,11.8,300
2168,2016-08-08 10:12:48,ASK,11.8,3100
2169,2016-08-08 10:12:48,TRADE,11.8,300
2170,2016-08-08 10:12:48,TRADE,11.8,2800
2171,2016-08-08 10:12:48,BID,11.8,1400
2172,2016-08-08 10:12:48,ASK,11.81,6000
2173,2016-08-08 10:12:48,TRADE,11.8,300
2174,2016-08-08 10:12:48,BID,11.8,1100
2175,2016-08-08 10:12:48,TRADE,11.8,400
2176,2016-08-08 10:12:48,BID,11.8,700
2177,2016-08-08 10:12:48,TRADE,11.8,300
2178,2016-08-08 10:12:48,BID,11.8,400
2179,2016-08-08 10:12:48,TRADE,11.8,400
2180,2016-08-08 10:12:48,BID,11.79,22500
2181,2016-08-08 10:12:48,ASK,11.81,5700
2182,2016-08-08 10:12:48,ASK,11.8,900
2183,2016-08-08 10:12:48,TRADE,11.79,500
2184,2016-08-08 10:12:48,BID,11.79,22000
2185,2016-08-08 10:12:48,ASK,11.8,1300
2186,2016-08-08 10:12:48,ASK,11.8,1600
2187,2016-08-08 10:12:49,ASK,11.8,3500
2188,2016-08-08 10:12:49,ASK,11.8,4500
2189,2016-08-08 10:12:49,ASK,11.8,9500
2190,2016-08-08 10:12:49,TRADE,11.79,7900
2191,2016-08-08 10:12:49,TRADE,11.79,5000
2192,2016-08-08 10:12:49,TRADE,11.79,100
2193,2016-08-08 10:12:49,TRADE,11.79,8100
2194,2016-08-08 10:12:49,BID,11.79,900
2195,2016-08-08 10:12:49,TRADE,11.79,900
2196,2016-08-08 10:12:49,BID,11.78,11000
2197,2016-08-08 10:12:49,ASK,11.79,400
2198,2016-08-08 10:12:49,BID,11.78,10700
2199,2016-08-08 10:12:49,ASK,11.79,700
2200,2016-08-08 10:12:49,ASK,11.79,5700
2201,2016-08-08 10:12:49,TRADE,11.78,300
2202,2016-08-08 10:12:49,BID,11.78,10400
2203,2016-08-08 10:12:49,TRADE,11.78,2100
2204,2016-08-08 10:12:49,TRADE,11.78,300
2205,2016-08-08 10:12:49,TRADE,11.78,200
2206,2016-08-08 10:12:49,BID,11.78,7800
2207,2016-08-08 10:12:49,ASK,11.79,6000
2208,2016-08-08 10:12:49,BID,11.78,12800
2209,2016-08-08 10:12:49,TRADE,11.78,1800
2210,2016-08-08 10:12:49,TRADE,11.78,4400
2211,2016-08-08 10:12:49,BID,11.78,6600
2212,2016-08-08 10:12:49,TRADE,11.78,100
2213,2016-08-08 10:12:49,BID,11.78,6500
2214,2016-08-08 10:12:49,TRADE,11.78,500
2215,2016-08-08 10:12:49,TRADE,11.78,1000
2216,2016-08-08 10:12:49,TRADE,11.78,500
2217,2016-08-08 10:12:49,BID,11.78,4500
2218,2016-08-08 10:12:49,TRADE,11.78,400
2219,2016-08-08 10:12:49,BID,11.78,4100
2220,2016-08-08 10:12:49,TRADE,11.78,200
2221,2016-08-08 10:12:49,BID,11.78,3900
2222,2016-08-08 10:12:49,TRADE,11.78,3900
2223,2016-08-08 10:12:49,BID,11.77,9300
2224,2016-08-08 10:12:49,ASK,11.78,400
2225,2016-08-08 10:12:49,ASK,11.78,700
2226,2016-08-08 10:12:49,ASK,11.78,5700
2227,2016-08-08 10:12:49,BID,11.77,8900
2228,2016-08-08 10:12:49,ASK,11.78,8100
2229,2016-08-08 10:12:49,ASK,11.78,10700
2230,2016-08-08 10:12:49,ASK,11.78,13300
2231,2016-08-08 10:12:49,BID,11.77,9000
2232,2016-08-08 10:12:50,TRADE,11.78,400
2233,2016-08-08 10:12:50,TRADE,11.78,300
2234,2016-08-08 10:12:50,TRADE,11.78,300
2235,2016-08-08 10:12:50,ASK,11.78,12300
2239,2016-08-08 10:12:50,TRADE,11.78,200
2240,2016-08-08 10:12:50,BID,11.77,8800
2241,2016-08-08 10:12:50,ASK,11.78,12100
2242,2016-08-08 10:12:50,BID,11.77,8700
2243,2016-08-08 10:12:50,TRADE,11.77,500
2244,2016-08-08 10:12:50,BID,11.77,8200
2245,2016-08-08 10:12:51,TRADE,11.78,1000
2246,2016-08-08 10:12:51,ASK,11.78,11100
2247,2016-08-08 10:12:52,BID,11.77,11200
2248,2016-08-08 10:12:52,ASK,11.78,8700
2249,2016-08-08 10:12:52,TRADE,11.78,1000
2250,2016-08-08 10:12:52,ASK,11.78,7700
2251,2016-08-08 10:12:54,BID,11.77,11100
2252,2016-08-08 10:12:57,TRADE,11.77,3400
2253,2016-08-08 10:12:57,TRADE,11.77,800
2254,2016-08-08 10:12:57,TRADE,11.77,300
2255,2016-08-08 10:12:57,TRADE,11.77,300
2256,2016-08-08 10:12:57,TRADE,11.77,100
2257,2016-08-08 10:12:57,TRADE,11.77,1000
2258,2016-08-08 10:12:57,TRADE,11.77,200
2259,2016-08-08 10:12:57,TRADE,11.77,2000
2260,2016-08-08 10:12:57,TRADE,11.77,3000
2261,2016-08-08 10:12:57,BID,11.76,3100
2262,2016-08-08 10:12:57,ASK,11.77,3900
2263,2016-08-08 10:12:57,ASK,11.77,8900
2264,2016-08-08 10:12:57,BID,11.76,2800
2265,2016-08-08 10:12:57,BID,11.76,3100
2266,2016-08-08 10:12:57,ASK,11.77,9200
2267,2016-08-08 10:12:57,BID,11.76,3500
2268,2016-08-08 10:12:57,BID,11.76,3800
2269,2016-08-08 10:12:57,BID,11.76,3400
2270,2016-08-08 10:12:57,BID,11.76,3100
2271,2016-08-08 10:12:57,BID,11.76,7600
2272,2016-08-08 10:12:57,BID,11.76,3100
2273,2016-08-08 10:12:57,BID,11.76,3500
2274,2016-08-08 10:12:58,BID,11.76,3600
2275,2016-08-08 10:12:58,TRADE,11.77,3900
2276,2016-08-08 10:12:58,TRADE,11.77,1100
2277,2016-08-08 10:12:58,ASK,11.77,4200
2278,2016-08-08 10:12:58,ASK,11.77,300
2279,2016-08-08 10:12:58,ASK,11.78,7700
2280,2016-08-08 10:12:58,BID,11.76,3900
2281,2016-08-08 10:12:58,BID,11.77,300
2282,2016-08-08 10:12:58,BID,11.77,5300
2283,2016-08-08 10:12:58,ASK,11.78,9700
2284,2016-08-08 10:12:58,BID,11.77,5700
2285,2016-08-08 10:12:58,BID,11.77,6000
2286,2016-08-08 10:12:59,ASK,11.78,10100
2287,2016-08-08 10:12:59,TRADE,11.77,300
2288,2016-08-08 10:12:59,TRADE,11.77,200
2289,2016-08-08 10:12:59,BID,11.77,5500
2290,2016-08-08 10:12:59,BID,11.77,5800
2291,2016-08-08 10:12:59,ASK,11.78,10000
2292,2016-08-08 10:12:59,ASK,11.78,9900
2293,2016-08-08 10:12:59,TRADE,11.77,200
2294,2016-08-08 10:12:59,BID,11.77,5600
2295,2016-08-08 10:12:59,ASK,11.78,7300
2296,2016-08-08 10:12:59,ASK,11.78,4700
2297,2016-08-08 10:12:59,ASK,11.78,5000
2298,2016-08-08 10:12:59,ASK,11.78,2500
2299,2016-08-08 10:12:59,ASK,11.78,500
2300,2016-08-08 10:12:59,ASK,11.78,200
2301,2016-08-08 10:12:59,TRADE,11.77,100
2302,2016-08-08 10:12:59,BID,11.77,5500
2303,2016-08-08 10:12:59,TRADE,11.77,100
2304,2016-08-08 10:12:59,BID,11.77,5400
2305,2016-08-08 10:12:59,ASK,11.78,300
2306,2016-08-08 10:12:59,TRADE,11.77,100
2307,2016-08-08 10:12:59,BID,11.77,5300
2308,2016-08-08 10:12:59,TRADE,11.77,100
2309,2016-08-08 10:12:59,BID,11.77,5200
2310,2016-08-08 10:12:59,ASK,11.78,400
2311,2016-08-08 10:13:00,ASK,11.78,200
2312,2016-08-08 10:13:00,TRADE,11.77,200
2313,2016-08-08 10:13:00,BID,11.77,5000
2314,2016-08-08 10:13:00,ASK,11.78,5200
2315,2016-08-08 10:13:00,ASK,11.78,5500
2316,2016-08-08 10:13:00,ASK,11.78,5800
2317,2016-08-08 10:13:00,BID,11.77,5100
2318,2016-08-08 10:13:00,ASK,11.78,6100
2319,2016-08-08 10:13:00,TRADE,11.77,100
2320,2016-08-08 10:13:00,BID,11.77,5000
2321,2016-08-08 10:13:00,TRADE,11.77,100
2322,2016-08-08 10:13:00,BID,11.77,4900
2323,2016-08-08 10:13:00,ASK,11.78,8200
2324,2016-08-08 10:13:00,ASK,11.78,8500
2325,2016-08-08 10:13:01,TRADE,11.77,100
2326,2016-08-08 10:13:01,BID,11.77,4800
2327,2016-08-08 10:13:01,TRADE,11.77,100
2328,2016-08-08 10:13:01,BID,11.77,4700
2329,2016-08-08 10:13:02,TRADE,11.78,100
2330,2016-08-08 10:13:02,TRADE,11.78,100
2331,2016-08-08 10:13:02,TRADE,11.78,800
2332,2016-08-08 10:13:02,ASK,11.78,7500
2333,2016-08-08 10:13:02,ASK,11.78,7800
2334,2016-08-08 10:13:02,TRADE,11.77,200
2335,2016-08-08 10:13:02,BID,11.77,4500
2336,2016-08-08 10:13:02,TRADE,11.77,200
2337,2016-08-08 10:13:02,BID,11.77,4300
2338,2016-08-08 10:13:02,ASK,11.78,8100
2339,2016-08-08 10:13:03,BID,11.77,4400
2340,2016-08-08 10:13:03,BID,11.77,8700
2341,2016-08-08 10:13:03,TRADE,11.77,100
2342,2016-08-08 10:13:03,BID,11.77,8600
2343,2016-08-08 10:13:03,ASK,11.78,8200
2344,2016-08-08 10:13:03,BID,11.77,8700
2345,2016-08-08 10:13:04,TRADE,11.78,2100
2346,2016-08-08 10:13:04,ASK,11.78,6100
2347,2016-08-08 10:13:04,TRADE,11.77,400
2348,2016-08-08 10:13:04,BID,11.77,8300
2349,2016-08-08 10:13:04,ASK,11.78,7000
2350,2016-08-08 10:13:04,ASK,11.78,6700
2351,2016-08-08 10:13:05,BID,11.77,8400
2352,2016-08-08 10:13:05,ASK,11.78,8200
2353,2016-08-08 10:13:05,BID,11.77,10900
2354,2016-08-08 10:13:06,ASK,11.78,8900
2355,2016-08-08 10:13:06,TRADE,11.77,400
2356,2016-08-08 10:13:06,BID,11.77,10500
2357,2016-08-08 10:13:06,ASK,11.78,8600
2358,2016-08-08 10:13:06,TRADE,11.77,300
2359,2016-08-08 10:13:06,BID,11.77,10200
2360,2016-08-08 10:13:07,BID,11.77,9900
2361,2016-08-08 10:13:07,ASK,11.78,9300
2362,2016-08-08 10:13:08,ASK,11.78,9100
2363,2016-08-08 10:13:08,TRADE,11.77,200
2364,2016-08-08 10:13:08,BID,11.77,9700
2365,2016-08-08 10:13:08,ASK,11.78,8700
2366,2016-08-08 10:13:08,TRADE,11.77,400
2367,2016-08-08 10:13:08,BID,11.77,9300
2368,2016-08-08 10:13:09,TRADE,11.78,300
2369,2016-08-08 10:13:09,ASK,11.78,8400
2370,2016-08-08 10:13:09,TRADE,11.77,1400
2371,2016-08-08 10:13:09,TRADE,11.77,400
2372,2016-08-08 10:13:09,TRADE,11.77,300
2373,2016-08-08 10:13:09,TRADE,11.77,100
2374,2016-08-08 10:13:09,TRADE,11.77,100
2375,2016-08-08 10:13:09,TRADE,11.77,700
2376,2016-08-08 10:13:09,BID,11.77,6300
2377,2016-08-08 10:13:09,BID,11.77,11300
2378,2016-08-08 10:13:10,BID,11.77,11500
2379,2016-08-08 10:13:10,ASK,11.78,8100
2380,2016-08-08 10:13:10,ASK,11.78,7800
2381,2016-08-08 10:13:10,ASK,11.78,7400
2382,2016-08-08 10:13:10,ASK,11.78,7300
2383,2016-08-08 10:13:11,TRADE,11.77,600
2384,2016-08-08 10:13:11,BID,11.77,10900
2385,2016-08-08 10:13:11,TRADE,11.77,500
2386,2016-08-08 10:13:11,BID,11.77,10400
2387,2016-08-08 10:13:12,ASK,11.78,10300
2388,2016-08-08 10:13:13,ASK,11.78,10000
2389,2016-08-08 10:13:13,ASK,11.78,9900
2390,2016-08-08 10:13:13,ASK,11.78,9700
2391,2016-08-08 10:13:13,ASK,11.78,9400
2392,2016-08-08 10:13:13,TRADE,11.77,400
2393,2016-08-08 10:13:13,BID,11.77,10000
2394,2016-08-08 10:13:13,TRADE,11.77,500
2395,2016-08-08 10:13:13,BID,11.77,9500
2396,2016-08-08 10:13:13,TRADE,11.77,1200
2397,2016-08-08 10:13:13,BID,11.77,8300
2398,2016-08-08 10:13:16,ASK,11.78,10200
2399,2016-08-08 10:13:17,TRADE,11.78,400
2400,2016-08-08 10:13:17,ASK,11.78,9800
2401,2016-08-08 10:13:21,TRADE,11.77,400
2402,2016-08-08 10:13:21,TRADE,11.77,100
2403,2016-08-08 10:13:21,TRADE,11.77,100
2404,2016-08-08 10:13:21,TRADE,11.77,400
2405,2016-08-08 10:13:21,BID,11.77,7300
2406,2016-08-08 10:13:21,BID,11.77,14500
2407,2016-08-08 10:13:22,TRADE,11.78,1000
2408,2016-08-08 10:13:22,ASK,11.78,8800
2409,2016-08-08 10:13:23,BID,11.77,15500
2410,2016-08-08 10:13:24,TRADE,11.78,400
2411,2016-08-08 10:13:24,TRADE,11.78,300
2412,2016-08-08 10:13:24,TRADE,11.78,2100
2413,2016-08-08 10:13:24,TRADE,11.78,1500
2414,2016-08-08 10:13:24,TRADE,11.78,700
2415,2016-08-08 10:13:24,TRADE,11.78,3000
2416,2016-08-08 10:13:24,TRADE,11.78,500
2417,2016-08-08 10:13:24,ASK,11.78,300
2418,2016-08-08 10:13:24,TRADE,11.78,300
2419,2016-08-08 10:13:24,ASK,11.79,11500
2420,2016-08-08 10:13:24,TRADE,11.79,100
2420,2016-08-08 10:13:24,ASK,11.79,11400
2421,2016-08-08 10:13:24,BID,11.78,300
2422,2016-08-08 10:13:24,TRADE,11.78,300
2423,2016-08-08 10:13:24,BID,11.77,15500
2424,2016-08-08 10:13:24,ASK,11.78,1000
2425,2016-08-08 10:13:25,ASK,11.78,2300
2426,2016-08-08 10:13:25,ASK,11.78,2600
2427,2016-08-08 10:13:25,ASK,11.78,2300
2428,2016-08-08 10:13:26,BID,11.77,24700
2429,2016-08-08 10:13:27,ASK,11.78,2700
2430,2016-08-08 10:13:29,TRADE,11.78,100
2431,2016-08-08 10:13:29,ASK,11.78,2600
2432,2016-08-08 10:13:30,TRADE,11.77,500
2433,2016-08-08 10:13:30,BID,11.77,24200
2434,2016-08-08 10:13:34,ASK,11.78,1700
2435,2016-08-08 10:13:34,ASK,11.78,400
2436,2016-08-08 10:13:35,BID,11.77,24900
2437,2016-08-08 10:13:35,ASK,11.78,600
2438,2016-08-08 10:13:35,TRADE,11.77,100
2439,2016-08-08 10:13:35,BID,11.77,24800
2440,2016-08-08 10:13:36,ASK,11.78,800
2441,2016-08-08 10:13:36,BID,11.77,24900
2442,2016-08-08 10:13:38,ASK,11.78,900
2443,2016-08-08 10:13:39,TRADE,11.77,1500
2444,2016-08-08 10:13:39,TRADE,11.77,5000
2445,2016-08-08 10:13:39,TRADE,11.77,200
2446,2016-08-08 10:13:39,TRADE,11.77,7200
2447,2016-08-08 10:13:39,TRADE,11.77,1000
2448,2016-08-08 10:13:39,TRADE,11.77,9200
2449,2016-08-08 10:13:39,TRADE,11.77,700
2450,2016-08-08 10:13:39,TRADE,11.77,100
2451,2016-08-08 10:13:39,BID,11.76,6600
2452,2016-08-08 10:13:39,ASK,11.77,25100
2453,2016-08-08 10:13:39,ASK,11.77,30100
2454,2016-08-08 10:13:39,BID,11.76,6200
2455,2016-08-08 10:13:39,BID,11.76,4300
2456,2016-08-08 10:13:39,BID,11.76,4700
2457,2016-08-08 10:13:39,TRADE,11.76,2300
2458,2016-08-08 10:13:39,BID,11.76,2400
2459,2016-08-08 10:13:39,BID,11.76,2000
2460,2016-08-08 10:13:39,BID,11.76,1700
2461,2016-08-08 10:13:39,TRADE,11.76,400
2462,2016-08-08 10:13:39,BID,11.76,1300
2463,2016-08-08 10:13:39,BID,11.76,6300
2464,2016-08-08 10:13:39,TRADE,11.76,300
2465,2016-08-08 10:13:39,TRADE,11.76,300
2466,2016-08-08 10:13:39,BID,11.76,5700
2467,2016-08-08 10:13:39,BID,11.76,6000
2468,2016-08-08 10:13:39,ASK,11.77,30700
2469,2016-08-08 10:13:39,BID,11.76,6400
2470,2016-08-08 10:13:40,BID,11.76,9400
2471,2016-08-08 10:13:40,ASK,11.77,34700
2472,2016-08-08 10:13:40,BID,11.76,9500
2473,2016-08-08 10:13:40,TRADE,11.76,500
