,Date,Type,Price,Size
0,2016-08-25 10:03:00,TRADE,12.42,1500
1,2016-08-25 10:03:00,BID,12.41,400
2,2016-08-25 10:03:00,ASK,12.42,15900
3,2016-08-25 10:03:00,ASK,12.42,20900
5,2016-08-25 10:03:00,ASK,12.42,26500
6,2016-08-25 10:03:00,TRADE,12.42,100
7,2016-08-25 10:03:00,ASK,12.42,26400
8,2016-08-25 10:03:00,TRADE,12.42,100
9,2016-08-25 10:03:00,ASK,12.42,26300
10,2016-08-25 10:03:00,TRADE,12.42,100
11,2016-08-25 10:03:00,ASK,12.42,26200
12,2016-08-25 10:03:00,TRADE,12.42,100
13,2016-08-25 10:03:00,ASK,12.42,26100
14,2016-08-25 10:03:00,BID,12.41,500
15,2016-08-25 10:03:00,BID,12.41,2000
16,2016-08-25 10:03:00,BID,12.41,2100
23,2016-08-25 10:03:03,TRADE,12.41,100
24,2016-08-25 10:03:03,BID,12.41,2000
25,2016-08-25 10:03:03,TRADE,12.41,300
26,2016-08-25 10:03:03,TRADE,12.41,100
27,2016-08-25 10:03:03,TRADE,12.41,1200
28,2016-08-25 10:03:03,BID,12.41,400
29,2016-08-25 10:03:03,BID,12.41,500
30,2016-08-25 10:03:04,BID,12.41,600
31,2016-08-25 10:03:04,TRADE,12.41,100
32,2016-08-25 10:03:04,BID,12.41,500
33,2016-08-25 10:03:05,TRADE,12.42,11500
34,2016-08-25 10:03:05,ASK,12.42,14600
35,2016-08-25 10:03:05,BID,12.41,5500
36,2016-08-25 10:03:05,BID,12.41,7000
37,2016-08-25 10:03:05,ASK,12.42,14700
38,2016-08-25 10:03:06,TRADE,12.42,1000
39,2016-08-25 10:03:06,ASK,12.42,13700
40,2016-08-25 10:03:06,TRADE,12.42,2500
41,2016-08-25 10:03:06,TRADE,12.42,500
42,2016-08-25 10:03:06,TRADE,12.42,5000
43,2016-08-25 10:03:06,TRADE,12.42,5600
44,2016-08-25 10:03:06,TRADE,12.42,100
45,2016-08-25 10:03:06,ASK,12.43,6600
46,2016-08-25 10:03:06,ASK,12.42,100
47,2016-08-25 10:03:06,TRADE,12.42,100
48,2016-08-25 10:03:06,ASK,12.43,6600
50,2016-08-25 10:03:07,ASK,12.43,7500
51,2016-08-25 10:03:07,ASK,12.42,70000
53,2016-08-25 10:03:07,BID,12.41,2000
54,2016-08-25 10:03:07,ASK,12.42,70100
55,2016-08-25 10:03:07,ASK,12.42,71200
56,2016-08-25 10:03:08,TRADE,12.42,1000
57,2016-08-25 10:03:08,ASK,12.42,70200
58,2016-08-25 10:03:11,TRADE,12.41,200
59,2016-08-25 10:03:11,TRADE,12.41,100
60,2016-08-25 10:03:11,TRADE,12.41,100
61,2016-08-25 10:03:11,TRADE,12.41,100
62,2016-08-25 10:03:11,TRADE,12.41,1500
63,2016-08-25 10:03:11,BID,12.4,19900
64,2016-08-25 10:03:11,TRADE,12.4,400
65,2016-08-25 10:03:11,TRADE,12.4,5000
66,2016-08-25 10:03:11,TRADE,12.4,100
67,2016-08-25 10:03:11,TRADE,12.4,400
68,2016-08-25 10:03:11,TRADE,12.4,800
69,2016-08-25 10:03:11,TRADE,12.4,200
69,2016-08-25 10:03:11,BID,12.4,13000
70,2016-08-25 10:03:11,ASK,12.41,5000
72,2016-08-25 10:03:11,TRADE,12.4,100
73,2016-08-25 10:03:11,BID,12.4,12900
74,2016-08-25 10:03:12,ASK,12.41,6100
75,2016-08-25 10:03:12,BID,12.4,11900
76,2016-08-25 10:03:12,BID,12.4,6900
77,2016-08-25 10:03:12,ASK,12.41,6200
78,2016-08-25 10:03:12,ASK,12.41,6300
79,2016-08-25 10:03:12,BID,12.4,7900
80,2016-08-25 10:03:12,BID,12.4,7800
81,2016-08-25 10:03:14,BID,12.4,8300
82,2016-08-25 10:03:14,BID,12.4,8800
83,2016-08-25 10:03:14,BID,12.4,9300
84,2016-08-25 10:03:15,BID,12.4,14300
85,2016-08-25 10:03:15,BID,12.4,15300
86,2016-08-25 10:03:16,TRADE,12.41,1000
87,2016-08-25 10:03:16,ASK,12.41,5300
88,2016-08-25 10:03:18,TRADE,12.41,1000
89,2016-08-25 10:03:18,ASK,12.41,4300
90,2016-08-25 10:03:18,BID,12.4,25300
91,2016-08-25 10:03:19,BID,12.4,24800
92,2016-08-25 10:03:19,BID,12.4,24300
93,2016-08-25 10:03:19,BID,12.4,23800
94,2016-08-25 10:03:20,TRADE,12.41,500
95,2016-08-25 10:03:20,ASK,12.41,3800
96,2016-08-25 10:03:20,TRADE,12.4,100
97,2016-08-25 10:03:20,TRADE,12.4,400
98,2016-08-25 10:03:20,TRADE,12.4,100
99,2016-08-25 10:03:20,TRADE,12.4,100
100,2016-08-25 10:03:20,TRADE,12.4,100
101,2016-08-25 10:03:20,TRADE,12.4,3500
102,2016-08-25 10:03:20,TRADE,12.4,100
103,2016-08-25 10:03:20,TRADE,12.4,500
104,2016-08-25 10:03:20,TRADE,12.4,500
105,2016-08-25 10:03:20,TRADE,12.4,700
106,2016-08-25 10:03:20,TRADE,12.4,100
107,2016-08-25 10:03:20,TRADE,12.4,100
108,2016-08-25 10:03:20,TRADE,12.4,500
109,2016-08-25 10:03:20,TRADE,12.4,1000
110,2016-08-25 10:03:20,TRADE,12.4,4200
111,2016-08-25 10:03:20,BID,12.4,11800
112,2016-08-25 10:03:20,BID,12.4,11000
113,2016-08-25 10:03:21,ASK,12.41,3700
114,2016-08-25 10:03:21,ASK,12.41,3600
115,2016-08-25 10:03:21,TRADE,12.4,400
116,2016-08-25 10:03:21,BID,12.4,10600
117,2016-08-25 10:03:22,BID,12.4,11100
118,2016-08-25 10:03:23,BID,12.4,16100
119,2016-08-25 10:03:24,BID,12.4,16600
120,2016-08-25 10:03:25,TRADE,12.41,1000
121,2016-08-25 10:03:25,ASK,12.41,2600
122,2016-08-25 10:03:25,TRADE,12.41,1500
123,2016-08-25 10:03:25,TRADE,12.41,1100
124,2016-08-25 10:03:25,ASK,12.42,79700
125,2016-08-25 10:03:25,ASK,12.42,74700
126,2016-08-25 10:03:25,BID,12.4,17600
127,2016-08-25 10:03:26,TRADE,12.4,600
128,2016-08-25 10:03:26,TRADE,12.4,10000
129,2016-08-25 10:03:26,TRADE,12.4,500
130,2016-08-25 10:03:26,TRADE,12.4,5000
131,2016-08-25 10:03:26,TRADE,12.4,500
132,2016-08-25 10:03:26,TRADE,12.4,1000
133,2016-08-25 10:03:26,BID,12.39,6600
134,2016-08-25 10:03:26,ASK,12.4,2400
135,2016-08-25 10:03:26,BID,12.39,7100
136,2016-08-25 10:03:26,BID,12.39,7600
137,2016-08-25 10:03:26,BID,12.39,8100
138,2016-08-25 10:03:26,BID,12.39,8600
139,2016-08-25 10:03:26,BID,12.39,8800
140,2016-08-25 10:03:26,BID,12.39,9300
141,2016-08-25 10:03:26,BID,12.39,9500
142,2016-08-25 10:03:26,BID,12.39,10000
143,2016-08-25 10:03:26,BID,12.39,10200
144,2016-08-25 10:03:26,ASK,12.4,7400
145,2016-08-25 10:03:28,TRADE,12.4,2400
146,2016-08-25 10:03:28,TRADE,12.4,2600
147,2016-08-25 10:03:28,ASK,12.4,2400
148,2016-08-25 10:03:28,ASK,12.41,6500
149,2016-08-25 10:03:28,BID,12.4,1000
150,2016-08-25 10:03:28,ASK,12.41,5000
151,2016-08-25 10:03:29,TRADE,12.41,5000
152,2016-08-25 10:03:29,ASK,12.42,79600
153,2016-08-25 10:03:29,BID,12.4,6000
154,2016-08-25 10:03:29,ASK,12.42,74600
155,2016-08-25 10:03:29,ASK,12.42,74700
156,2016-08-25 10:03:29,TRADE,12.4,500
157,2016-08-25 10:03:29,BID,12.4,5500
158,2016-08-25 10:03:30,BID,12.4,6000
159,2016-08-25 10:03:32,BID,12.4,7000
160,2016-08-25 10:03:36,ASK,12.42,74600
161,2016-08-25 10:03:37,BID,12.4,10000
162,2016-08-25 10:03:40,ASK,12.42,80400
163,2016-08-25 10:03:42,TRADE,12.42,900
164,2016-08-25 10:03:42,ASK,12.42,79500
165,2016-08-25 10:03:45,TRADE,12.4,500
166,2016-08-25 10:03:45,TRADE,12.4,2000
167,2016-08-25 10:03:45,BID,12.4,7500
168,2016-08-25 10:03:46,ASK,12.42,84500
169,2016-08-25 10:03:46,ASK,12.42,84600
170,2016-08-25 10:03:47,ASK,12.41,5000
171,2016-08-25 10:03:47,ASK,12.41,5500
172,2016-08-25 10:03:47,ASK,12.41,5600
173,2016-08-25 10:03:47,ASK,12.41,5700
174,2016-08-25 10:03:49,BID,12.4,16500
175,2016-08-25 10:03:52,TRADE,12.4,3000
176,2016-08-25 10:03:52,TRADE,12.4,500
177,2016-08-25 10:03:52,TRADE,12.4,1000
178,2016-08-25 10:03:52,TRADE,12.4,500
179,2016-08-25 10:03:52,BID,12.4,11500
180,2016-08-25 10:03:54,BID,12.4,21500
181,2016-08-25 10:03:54,BID,12.4,26500
182,2016-08-25 10:03:56,BID,12.4,27000
183,2016-08-25 10:03:56,BID,12.4,27500
184,2016-08-25 10:03:56,BID,12.4,28000
185,2016-08-25 10:03:57,BID,12.4,29000
186,2016-08-25 10:03:59,ASK,12.41,700
187,2016-08-25 10:04:00,BID,12.4,29500
188,2016-08-25 10:04:00,TRADE,12.4,100
189,2016-08-25 10:04:00,BID,12.4,29400
190,2016-08-25 10:04:00,BID,12.4,30900
191,2016-08-25 10:04:00,BID,12.4,30400
192,2016-08-25 10:04:00,BID,12.4,29900
193,2016-08-25 10:04:00,BID,12.4,29400
194,2016-08-25 10:04:03,ASK,12.41,1200
195,2016-08-25 10:04:03,ASK,12.41,6200
196,2016-08-25 10:04:03,ASK,12.41,8500
197,2016-08-25 10:04:05,BID,12.4,28900
198,2016-08-25 10:04:09,BID,12.4,27400
199,2016-08-25 10:04:09,BID,12.4,27900
200,2016-08-25 10:04:09,BID,12.4,28400
201,2016-08-25 10:04:09,BID,12.4,28900
202,2016-08-25 10:04:11,ASK,12.41,3500
203,2016-08-25 10:04:11,TRADE,12.4,2400
204,2016-08-25 10:04:11,TRADE,12.4,9000
205,2016-08-25 10:04:11,TRADE,12.4,10000
206,2016-08-25 10:04:11,TRADE,12.4,5000
207,2016-08-25 10:04:11,TRADE,12.4,1000
208,2016-08-25 10:04:11,TRADE,12.4,500
209,2016-08-25 10:04:11,TRADE,12.4,500
210,2016-08-25 10:04:11,TRADE,12.4,500
211,2016-08-25 10:04:11,BID,12.39,18700
212,2016-08-25 10:04:11,BID,12.4,500
213,2016-08-25 10:04:11,ASK,12.41,8500
214,2016-08-25 10:04:11,BID,12.39,13700
215,2016-08-25 10:04:11,ASK,12.4,500
216,2016-08-25 10:04:11,ASK,12.4,900
217,2016-08-25 10:04:11,BID,12.39,14200
218,2016-08-25 10:04:11,TRADE,12.4,500
219,2016-08-25 10:04:11,ASK,12.4,400
220,2016-08-25 10:04:11,BID,12.39,14700
221,2016-08-25 10:04:11,ASK,12.41,8500
222,2016-08-25 10:04:11,BID,12.4,400
223,2016-08-25 10:04:11,BID,12.4,500
224,2016-08-25 10:04:11,BID,12.4,1000
225,2016-08-25 10:04:11,BID,12.4,1100
226,2016-08-25 10:04:11,BID,12.4,1000
227,2016-08-25 10:04:11,TRADE,12.41,100
228,2016-08-25 10:04:11,BID,12.4,500
229,2016-08-25 10:04:11,ASK,12.41,8400
230,2016-08-25 10:04:11,BID,12.4,400
231,2016-08-25 10:04:11,TRADE,12.41,300
232,2016-08-25 10:04:11,ASK,12.41,8100
233,2016-08-25 10:04:12,TRADE,12.41,100
234,2016-08-25 10:04:12,TRADE,12.41,100
235,2016-08-25 10:04:12,TRADE,12.41,100
236,2016-08-25 10:04:12,TRADE,12.41,500
237,2016-08-25 10:04:12,TRADE,12.41,2300
238,2016-08-25 10:04:12,TRADE,12.41,1900
239,2016-08-25 10:04:12,ASK,12.41,3100
240,2016-08-25 10:04:12,ASK,12.41,3600
241,2016-08-25 10:04:12,BID,12.4,5400
242,2016-08-25 10:04:13,ASK,12.41,3900
243,2016-08-25 10:04:21,BID,12.4,10400
244,2016-08-25 10:04:24,ASK,12.41,800
245,2016-08-25 10:04:24,BID,12.4,10900
246,2016-08-25 10:04:25,ASK,12.41,300
247,2016-08-25 10:04:25,ASK,12.42,22700
248,2016-08-25 10:04:25,ASK,12.42,17700
249,2016-08-25 10:04:25,ASK,12.41,300
250,2016-08-25 10:04:25,ASK,12.41,400
251,2016-08-25 10:04:25,BID,12.4,12400
252,2016-08-25 10:04:26,ASK,12.41,700
253,2016-08-25 10:04:27,ASK,12.41,400
254,2016-08-25 10:04:27,TRADE,12.4,400
255,2016-08-25 10:04:27,TRADE,12.4,600
256,2016-08-25 10:04:27,BID,12.4,11400
257,2016-08-25 10:04:27,BID,12.4,9900
258,2016-08-25 10:04:27,ASK,12.41,900
259,2016-08-25 10:04:29,ASK,12.41,400
260,2016-08-25 10:04:30,BID,12.4,10900
261,2016-08-25 10:04:30,BID,12.4,20900
262,2016-08-25 10:04:30,TRADE,12.41,100
263,2016-08-25 10:04:30,TRADE,12.41,300
264,2016-08-25 10:04:30,ASK,12.42,17900
265,2016-08-25 10:04:30,ASK,12.41,100
266,2016-08-25 10:04:31,BID,12.4,25900
267,2016-08-25 10:04:31,TRADE,12.41,100
268,2016-08-25 10:04:31,ASK,12.42,17900
269,2016-08-25 10:04:31,BID,12.4,35900
270,2016-08-25 10:04:31,ASK,12.42,16400
271,2016-08-25 10:04:31,BID,12.41,300
272,2016-08-25 10:04:31,BID,12.41,700
273,2016-08-25 10:04:31,BID,12.41,5700
274,2016-08-25 10:04:31,ASK,12.42,14700
275,2016-08-25 10:04:31,BID,12.41,6200
277,2016-08-25 10:04:31,ASK,12.42,19700
278,2016-08-25 10:04:31,BID,12.41,5800
279,2016-08-25 10:04:32,TRADE,12.42,4000
280,2016-08-25 10:04:32,ASK,12.42,15700
281,2016-08-25 10:04:32,TRADE,12.42,100
282,2016-08-25 10:04:32,TRADE,12.42,100
283,2016-08-25 10:04:32,TRADE,12.42,8600
284,2016-08-25 10:04:32,ASK,12.42,6900
285,2016-08-25 10:04:32,ASK,12.42,1900
286,2016-08-25 10:04:32,ASK,12.42,1400
287,2016-08-25 10:04:32,ASK,12.42,1500
288,2016-08-25 10:04:32,BID,12.41,6100
289,2016-08-25 10:04:32,BID,12.41,6500
290,2016-08-25 10:04:33,ASK,12.42,1800
291,2016-08-25 10:04:36,TRADE,12.42,1400
292,2016-08-25 10:04:36,TRADE,12.42,100
293,2016-08-25 10:04:36,TRADE,12.42,300
294,2016-08-25 10:04:36,BID,12.42,3200
295,2016-08-25 10:04:36,ASK,12.43,6500
296,2016-08-25 10:04:36,ASK,12.43,6900
297,2016-08-25 10:04:36,ASK,12.43,7200
298,2016-08-25 10:04:36,BID,12.42,3600
299,2016-08-25 10:04:36,ASK,12.43,7500
300,2016-08-25 10:04:36,ASK,12.43,8000
301,2016-08-25 10:04:36,BID,12.42,3900
303,2016-08-25 10:04:36,TRADE,12.42,100
304,2016-08-25 10:04:36,BID,12.42,3800
305,2016-08-25 10:04:36,BID,12.42,8800
306,2016-08-25 10:04:36,BID,12.42,9000
307,2016-08-25 10:04:36,TRADE,12.42,800
308,2016-08-25 10:04:36,BID,12.42,8200
309,2016-08-25 10:04:36,BID,12.42,8000
310,2016-08-25 10:04:39,BID,12.42,13000
311,2016-08-25 10:04:39,ASK,12.43,7700
312,2016-08-25 10:04:41,TRADE,12.43,500
313,2016-08-25 10:04:41,TRADE,12.43,4500
314,2016-08-25 10:04:41,BID,12.42,8000
315,2016-08-25 10:04:41,ASK,12.43,2700
316,2016-08-25 10:04:41,BID,12.42,8500
317,2016-08-25 10:04:41,ASK,12.43,2200
318,2016-08-25 10:04:41,ASK,12.43,1700
319,2016-08-25 10:04:41,TRADE,12.43,500
320,2016-08-25 10:04:41,ASK,12.43,1200
321,2016-08-25 10:04:42,ASK,12.43,1300
322,2016-08-25 10:04:43,TRADE,12.43,500
323,2016-08-25 10:04:43,TRADE,12.43,400
324,2016-08-25 10:04:43,TRADE,12.43,300
325,2016-08-25 10:04:43,TRADE,12.43,100
326,2016-08-25 10:04:43,BID,12.43,7500
327,2016-08-25 10:04:43,ASK,12.44,18000
328,2016-08-25 10:04:43,BID,12.43,7900
329,2016-08-25 10:04:43,BID,12.43,8200
330,2016-08-25 10:04:43,ASK,12.44,18500
331,2016-08-25 10:04:43,BID,12.43,12400
334,2016-08-25 10:04:44,TRADE,12.44,400
335,2016-08-25 10:04:44,ASK,12.44,18100
336,2016-08-25 10:04:44,ASK,12.44,13500
337,2016-08-25 10:04:44,BID,12.43,12900
338,2016-08-25 10:04:44,TRADE,12.43,700
339,2016-08-25 10:04:44,BID,12.43,12200
343,2016-08-25 10:04:46,BID,12.43,18800
344,2016-08-25 10:04:49,TRADE,12.44,2300
345,2016-08-25 10:04:49,ASK,12.44,11200
346,2016-08-25 10:04:57,TRADE,12.43,500
347,2016-08-25 10:04:57,BID,12.43,18300
348,2016-08-25 10:04:57,ASK,12.44,16200
349,2016-08-25 10:04:57,TRADE,12.44,800
350,2016-08-25 10:04:57,ASK,12.44,15400
351,2016-08-25 10:04:57,TRADE,12.43,2000
352,2016-08-25 10:04:57,BID,12.43,16300
353,2016-08-25 10:04:57,BID,12.43,15800
354,2016-08-25 10:04:58,TRADE,12.44,6900
355,2016-08-25 10:04:58,TRADE,12.44,3000
356,2016-08-25 10:04:58,TRADE,12.44,100
357,2016-08-25 10:04:58,ASK,12.44,5400
358,2016-08-25 10:04:58,ASK,12.44,5000
359,2016-08-25 10:04:58,BID,12.43,16300
360,2016-08-25 10:04:58,ASK,12.45,18500
361,2016-08-25 10:04:58,ASK,12.45,13500
362,2016-08-25 10:04:58,BID,12.44,300
363,2016-08-25 10:04:58,ASK,12.45,14000
364,2016-08-25 10:04:58,BID,12.44,5300
365,2016-08-25 10:04:58,BID,12.44,5700
366,2016-08-25 10:04:58,BID,12.44,6000
369,2016-08-25 10:04:58,ASK,12.45,12500
370,2016-08-25 10:04:59,ASK,12.45,12600
371,2016-08-25 10:05:00,ASK,12.45,12500
372,2016-08-25 10:05:00,BID,12.44,5700
373,2016-08-25 10:05:04,BID,12.44,700
374,2016-08-25 10:05:04,BID,12.44,300
375,2016-08-25 10:05:04,ASK,12.45,14000
376,2016-08-25 10:05:05,BID,12.43,17800
377,2016-08-25 10:05:05,ASK,12.44,500
378,2016-08-25 10:05:05,ASK,12.44,5500
379,2016-08-25 10:05:05,ASK,12.44,5800
380,2016-08-25 10:05:05,ASK,12.44,6200
382,2016-08-25 10:05:06,ASK,12.44,6500
383,2016-08-25 10:05:06,BID,12.43,16300
384,2016-08-25 10:05:06,ASK,12.44,6600
385,2016-08-25 10:05:11,ASK,12.44,6300
386,2016-08-25 10:05:11,TRADE,12.43,4300
387,2016-08-25 10:05:11,TRADE,12.43,400
388,2016-08-25 10:05:11,TRADE,12.43,300
389,2016-08-25 10:05:11,TRADE,12.43,4200
390,2016-08-25 10:05:11,TRADE,12.43,6600
391,2016-08-25 10:05:11,TRADE,12.43,500
392,2016-08-25 10:05:11,BID,12.42,12800
393,2016-08-25 10:05:11,ASK,12.44,6600
394,2016-08-25 10:05:11,BID,12.42,7800
395,2016-08-25 10:05:11,BID,12.42,8300
396,2016-08-25 10:05:11,BID,12.42,8800
397,2016-08-25 10:05:11,BID,12.42,9300
398,2016-08-25 10:05:11,ASK,12.44,11600
399,2016-08-25 10:05:11,BID,12.43,500
400,2016-08-25 10:05:11,BID,12.43,1000
401,2016-08-25 10:05:11,TRADE,12.44,500
402,2016-08-25 10:05:11,ASK,12.44,11100
403,2016-08-25 10:05:11,ASK,12.44,11600
404,2016-08-25 10:05:11,BID,12.43,500
405,2016-08-25 10:05:11,BID,12.42,9300
406,2016-08-25 10:05:13,TRADE,12.42,100
407,2016-08-25 10:05:13,BID,12.42,9200
408,2016-08-25 10:05:13,ASK,12.44,11700
409,2016-08-25 10:05:13,BID,12.42,8700
410,2016-08-25 10:05:13,ASK,12.44,6700
411,2016-08-25 10:05:14,BID,12.43,300
412,2016-08-25 10:05:16,TRADE,12.44,1000
413,2016-08-25 10:05:16,ASK,12.44,5700
414,2016-08-25 10:05:17,BID,12.43,700
415,2016-08-25 10:05:17,BID,12.43,1000
416,2016-08-25 10:05:20,BID,12.43,600
417,2016-08-25 10:05:20,BID,12.43,300
418,2016-08-25 10:05:20,ASK,12.44,7200
419,2016-08-25 10:05:27,BID,12.43,600
420,2016-08-25 10:05:30,BID,12.43,2600
421,2016-08-25 10:05:31,BID,12.43,2700
422,2016-08-25 10:05:31,BID,12.43,2800
423,2016-08-25 10:05:32,BID,12.43,3200
424,2016-08-25 10:05:32,BID,12.43,8200
425,2016-08-25 10:05:32,ASK,12.44,6900
426,2016-08-25 10:05:33,TRADE,12.44,200
427,2016-08-25 10:05:33,ASK,12.44,6700
428,2016-08-25 10:05:33,BID,12.43,8700
429,2016-08-25 10:05:35,TRADE,12.44,1000
430,2016-08-25 10:05:35,ASK,12.44,5700
431,2016-08-25 10:05:35,ASK,12.44,2900
432,2016-08-25 10:05:35,ASK,12.44,2500
433,2016-08-25 10:05:35,ASK,12.44,2000
434,2016-08-25 10:05:36,ASK,12.44,2100
435,2016-08-25 10:05:36,ASK,12.44,600
436,2016-08-25 10:05:36,BID,12.43,9700
437,2016-08-25 10:05:37,ASK,12.44,300
438,2016-08-25 10:05:37,ASK,12.44,200
439,2016-08-25 10:05:37,ASK,12.44,100
440,2016-08-25 10:05:37,ASK,12.45,17700
442,2016-08-25 10:05:38,ASK,12.45,18100
443,2016-08-25 10:05:38,ASK,12.45,23100
444,2016-08-25 10:05:39,BID,12.44,100
445,2016-08-25 10:05:40,ASK,12.45,22700
446,2016-08-25 10:05:40,ASK,12.45,22500
447,2016-08-25 10:05:40,ASK,12.45,22400
448,2016-08-25 10:05:40,ASK,12.45,22300
449,2016-08-25 10:05:42,BID,12.44,600
450,2016-08-25 10:05:42,BID,12.44,1100
451,2016-08-25 10:05:42,ASK,12.45,23400
452,2016-08-25 10:05:45,BID,12.44,1200
453,2016-08-25 10:05:48,BID,12.44,3800
454,2016-08-25 10:05:49,BID,12.44,4100
455,2016-08-25 10:05:51,BID,12.44,4500
456,2016-08-25 10:05:54,BID,12.44,5500
457,2016-08-25 10:05:57,TRADE,12.44,100
458,2016-08-25 10:05:57,BID,12.44,5400
459,2016-08-25 10:06:00,TRADE,12.44,500
460,2016-08-25 10:06:00,TRADE,12.44,500
461,2016-08-25 10:06:00,BID,12.44,4400
462,2016-08-25 10:06:00,BID,12.44,4100
463,2016-08-25 10:06:00,BID,12.44,3700
464,2016-08-25 10:06:00,BID,12.44,1100
465,2016-08-25 10:06:00,BID,12.44,1600
466,2016-08-25 10:06:00,BID,12.44,2000
467,2016-08-25 10:06:00,BID,12.44,2400
468,2016-08-25 10:06:00,BID,12.44,2300
469,2016-08-25 10:06:00,BID,12.44,1900
470,2016-08-25 10:06:00,BID,12.44,2300
471,2016-08-25 10:06:06,BID,12.44,5300
472,2016-08-25 10:06:06,BID,12.44,10300
473,2016-08-25 10:06:06,BID,12.44,12300
474,2016-08-25 10:06:06,ASK,12.45,21900
475,2016-08-25 10:06:07,BID,12.44,11900
476,2016-08-25 10:06:09,ASK,12.45,22000
477,2016-08-25 10:06:10,TRADE,12.45,3000
478,2016-08-25 10:06:10,ASK,12.45,19000
479,2016-08-25 10:06:10,BID,12.44,12400
480,2016-08-25 10:06:17,TRADE,12.44,100
481,2016-08-25 10:06:17,TRADE,12.44,1000
482,2016-08-25 10:06:17,TRADE,12.44,200
483,2016-08-25 10:06:17,BID,12.44,11100
484,2016-08-25 10:06:17,BID,12.44,10600
485,2016-08-25 10:06:17,BID,12.44,10400
486,2016-08-25 10:06:17,BID,12.44,10900
487,2016-08-25 10:06:20,TRADE,12.44,400
488,2016-08-25 10:06:20,TRADE,12.44,1600
489,2016-08-25 10:06:20,BID,12.44,8900
490,2016-08-25 10:06:20,BID,12.44,3900
491,2016-08-25 10:06:20,ASK,12.45,19600
492,2016-08-25 10:06:20,TRADE,12.44,1400
493,2016-08-25 10:06:20,TRADE,12.44,2000
494,2016-08-25 10:06:20,TRADE,12.44,500
495,2016-08-25 10:06:20,BID,12.43,9400
496,2016-08-25 10:06:20,ASK,12.44,6100
497,2016-08-25 10:06:20,ASK,12.44,6400
498,2016-08-25 10:06:20,ASK,12.44,6700
499,2016-08-25 10:06:20,ASK,12.44,7200
500,2016-08-25 10:06:20,ASK,12.44,7600
501,2016-08-25 10:06:20,BID,12.43,13800
503,2016-08-25 10:06:20,TRADE,12.44,500
504,2016-08-25 10:06:20,ASK,12.44,7100
505,2016-08-25 10:06:20,ASK,12.44,6700
506,2016-08-25 10:06:21,TRADE,12.44,500
507,2016-08-25 10:06:21,ASK,12.44,6200
508,2016-08-25 10:06:21,ASK,12.44,5900
509,2016-08-25 10:06:21,ASK,12.44,5400
510,2016-08-25 10:06:21,ASK,12.44,5100
511,2016-08-25 10:06:21,TRADE,12.44,500
512,2016-08-25 10:06:21,ASK,12.44,4600
513,2016-08-25 10:06:21,TRADE,12.44,4600
514,2016-08-25 10:06:21,ASK,12.45,19600
516,2016-08-25 10:06:21,BID,12.44,400
517,2016-08-25 10:06:21,ASK,12.45,18500
518,2016-08-25 10:06:21,BID,12.44,700
519,2016-08-25 10:06:21,BID,12.44,5700
520,2016-08-25 10:06:21,BID,12.44,6200
521,2016-08-25 10:06:21,BID,12.44,6700
522,2016-08-25 10:06:21,ASK,12.45,18000
523,2016-08-25 10:06:21,ASK,12.45,17400
524,2016-08-25 10:06:21,ASK,12.45,17900
525,2016-08-25 10:06:21,BID,12.44,6200
526,2016-08-25 10:06:21,TRADE,12.44,400
527,2016-08-25 10:06:21,TRADE,12.44,300
528,2016-08-25 10:06:21,TRADE,12.44,400
529,2016-08-25 10:06:21,BID,12.44,5100
530,2016-08-25 10:06:21,BID,12.44,5500
531,2016-08-25 10:06:21,BID,12.44,5800
532,2016-08-25 10:06:21,TRADE,12.44,600
533,2016-08-25 10:06:21,BID,12.44,5200
534,2016-08-25 10:06:21,BID,12.44,5400
535,2016-08-25 10:06:21,ASK,12.45,19400
536,2016-08-25 10:06:21,BID,12.44,6200
537,2016-08-25 10:06:21,ASK,12.45,21900
538,2016-08-25 10:06:21,ASK,12.45,22000
539,2016-08-25 10:06:22,TRADE,12.44,100
540,2016-08-25 10:06:22,BID,12.44,6100
541,2016-08-25 10:06:22,TRADE,12.45,700
542,2016-08-25 10:06:22,ASK,12.45,21300
543,2016-08-25 10:06:22,TRADE,12.44,1000
544,2016-08-25 10:06:22,BID,12.44,5100
545,2016-08-25 10:06:28,BID,12.44,7100
546,2016-08-25 10:06:29,BID,12.44,7400
548,2016-08-25 10:06:36,ASK,12.45,16300
549,2016-08-25 10:06:36,BID,12.44,7900
550,2016-08-25 10:06:36,BID,12.44,12300
551,2016-08-25 10:06:36,ASK,12.45,15800
552,2016-08-25 10:06:39,BID,12.44,7900
553,2016-08-25 10:06:39,ASK,12.45,16300
554,2016-08-25 10:06:40,ASK,12.45,21300
555,2016-08-25 10:06:40,TRADE,12.45,200
556,2016-08-25 10:06:40,ASK,12.45,21100
557,2016-08-25 10:06:44,TRADE,12.45,500
558,2016-08-25 10:06:44,ASK,12.45,20600
559,2016-08-25 10:06:44,ASK,12.45,15600
560,2016-08-25 10:06:44,BID,12.44,12300
561,2016-08-25 10:06:44,ASK,12.45,15100
562,2016-08-25 10:06:44,BID,12.44,7900
563,2016-08-25 10:06:44,BID,12.44,12300
564,2016-08-25 10:06:44,TRADE,12.45,100
565,2016-08-25 10:06:44,ASK,12.45,15000
566,2016-08-25 10:06:44,TRADE,12.45,400
567,2016-08-25 10:06:44,ASK,12.45,14600
568,2016-08-25 10:06:44,TRADE,12.45,100
569,2016-08-25 10:06:44,ASK,12.45,14500
570,2016-08-25 10:06:47,ASK,12.45,34500
571,2016-08-25 10:06:47,BID,12.44,7900
572,2016-08-25 10:06:47,ASK,12.45,39500
573,2016-08-25 10:06:48,ASK,12.45,34500
574,2016-08-25 10:06:48,TRADE,12.45,200
575,2016-08-25 10:06:48,ASK,12.45,34300
576,2016-08-25 10:06:52,TRADE,12.45,500
577,2016-08-25 10:06:52,ASK,12.45,33800
578,2016-08-25 10:06:58,TRADE,12.45,1200
579,2016-08-25 10:06:58,ASK,12.45,32600
580,2016-08-25 10:06:58,BID,12.44,8100
581,2016-08-25 10:06:58,BID,12.44,9700
582,2016-08-25 10:06:58,BID,12.44,9500
583,2016-08-25 10:06:58,TRADE,12.45,100
584,2016-08-25 10:06:58,TRADE,12.45,1500
585,2016-08-25 10:06:58,BID,12.44,7900
586,2016-08-25 10:06:58,ASK,12.45,31000
587,2016-08-25 10:06:58,BID,12.44,8600
588,2016-08-25 10:06:59,ASK,12.45,31100
589,2016-08-25 10:06:59,BID,12.44,7900
590,2016-08-25 10:06:59,TRADE,12.45,100
591,2016-08-25 10:06:59,ASK,12.45,31000
592,2016-08-25 10:06:59,BID,12.44,8500
593,2016-08-25 10:07:00,TRADE,12.44,900
594,2016-08-25 10:07:00,BID,12.44,7600
595,2016-08-25 10:07:00,TRADE,12.45,400
596,2016-08-25 10:07:00,TRADE,12.45,600
597,2016-08-25 10:07:00,ASK,12.45,30000
598,2016-08-25 10:07:00,TRADE,12.45,100
599,2016-08-25 10:07:00,ASK,12.45,29900
600,2016-08-25 10:07:01,TRADE,12.45,100
601,2016-08-25 10:07:01,ASK,12.45,29800
602,2016-08-25 10:07:02,TRADE,12.45,200
603,2016-08-25 10:07:02,TRADE,12.45,100
604,2016-08-25 10:07:02,ASK,12.45,29500
605,2016-08-25 10:07:02,ASK,12.45,28000
606,2016-08-25 10:07:03,TRADE,12.45,100
607,2016-08-25 10:07:03,TRADE,12.45,100
608,2016-08-25 10:07:03,TRADE,12.45,200
609,2016-08-25 10:07:03,ASK,12.45,27600
610,2016-08-25 10:07:03,BID,12.44,11400
611,2016-08-25 10:07:04,BID,12.44,15400
612,2016-08-25 10:07:04,TRADE,12.45,900
613,2016-08-25 10:07:04,ASK,12.45,26700
614,2016-08-25 10:07:04,TRADE,12.45,300
615,2016-08-25 10:07:04,ASK,12.45,26400
616,2016-08-25 10:07:04,TRADE,12.45,1700
617,2016-08-25 10:07:04,ASK,12.45,24700
618,2016-08-25 10:07:04,TRADE,12.45,1900
619,2016-08-25 10:07:04,TRADE,12.45,100
620,2016-08-25 10:07:04,TRADE,12.45,2500
621,2016-08-25 10:07:04,TRADE,12.45,100
622,2016-08-25 10:07:04,TRADE,12.45,800
623,2016-08-25 10:07:04,ASK,12.45,19300
624,2016-08-25 10:07:04,TRADE,12.45,300
625,2016-08-25 10:07:04,ASK,12.45,19000
626,2016-08-25 10:07:04,TRADE,12.45,10000
627,2016-08-25 10:07:04,ASK,12.45,9000
628,2016-08-25 10:07:04,TRADE,12.45,8900
629,2016-08-25 10:07:04,TRADE,12.45,100
630,2016-08-25 10:07:04,ASK,12.46,21500
631,2016-08-25 10:07:04,BID,12.45,5000
632,2016-08-25 10:07:04,BID,12.45,5300
633,2016-08-25 10:07:04,BID,12.45,5700
634,2016-08-25 10:07:04,BID,12.45,6200
635,2016-08-25 10:07:04,BID,12.45,6500
636,2016-08-25 10:07:04,ASK,12.46,16500
637,2016-08-25 10:07:04,TRADE,12.46,600
638,2016-08-25 10:07:04,ASK,12.46,15900
639,2016-08-25 10:07:04,BID,12.45,11500
640,2016-08-25 10:07:04,BID,12.45,6500
641,2016-08-25 10:07:04,BID,12.45,10300
642,2016-08-25 10:07:05,TRADE,12.46,500
643,2016-08-25 10:07:05,ASK,12.46,15400
644,2016-08-25 10:07:05,ASK,12.46,17100
645,2016-08-25 10:07:05,ASK,12.46,22100
646,2016-08-25 10:07:05,BID,12.45,6500
647,2016-08-25 10:07:05,ASK,12.46,22300
648,2016-08-25 10:07:05,BID,12.45,10300
649,2016-08-25 10:07:07,BID,12.45,60300
650,2016-08-25 10:07:07,ASK,12.46,17300
651,2016-08-25 10:07:07,TRADE,12.46,1900
652,2016-08-25 10:07:07,TRADE,12.46,3100
653,2016-08-25 10:07:07,ASK,12.46,12300
654,2016-08-25 10:07:07,TRADE,12.46,8900
655,2016-08-25 10:07:07,TRADE,12.46,400
656,2016-08-25 10:07:07,ASK,12.46,3000
657,2016-08-25 10:07:07,TRADE,12.46,1100
658,2016-08-25 10:07:07,TRADE,12.46,1700
659,2016-08-25 10:07:07,TRADE,12.46,200
660,2016-08-25 10:07:07,ASK,12.47,11300
661,2016-08-25 10:07:07,BID,12.46,300
662,2016-08-25 10:07:07,BID,12.46,700
663,2016-08-25 10:07:07,BID,12.46,1200
664,2016-08-25 10:07:07,BID,12.46,1500
665,2016-08-25 10:07:07,BID,12.46,4100
672,2016-08-25 10:07:07,BID,12.46,9100
674,2016-08-25 10:07:07,BID,12.46,4100
675,2016-08-25 10:07:07,BID,12.46,7900
676,2016-08-25 10:07:07,ASK,12.47,11400
677,2016-08-25 10:07:08,ASK,12.47,11500
678,2016-08-25 10:07:08,ASK,12.47,11600
679,2016-08-25 10:07:09,TRADE,12.47,300
680,2016-08-25 10:07:09,TRADE,12.47,6000
681,2016-08-25 10:07:09,TRADE,12.47,5000
682,2016-08-25 10:07:09,TRADE,12.47,100
683,2016-08-25 10:07:09,TRADE,12.47,100
684,2016-08-25 10:07:09,TRADE,12.47,100
685,2016-08-25 10:07:09,ASK,12.48,19900
686,2016-08-25 10:07:09,TRADE,12.48,4000
687,2016-08-25 10:07:09,TRADE,12.48,700
688,2016-08-25 10:07:09,TRADE,12.48,200
689,2016-08-25 10:07:09,TRADE,12.48,5000
690,2016-08-25 10:07:09,TRADE,12.48,8500
690,2016-08-25 10:07:09,ASK,12.48,1500
691,2016-08-25 10:07:09,ASK,12.48,6500
692,2016-08-25 10:07:09,BID,12.47,300
693,2016-08-25 10:07:09,BID,12.47,800
694,2016-08-25 10:07:09,ASK,12.48,6800
695,2016-08-25 10:07:09,BID,12.47,1200
696,2016-08-25 10:07:09,BID,12.47,6200
697,2016-08-25 10:07:09,ASK,12.48,7300
698,2016-08-25 10:07:09,ASK,12.48,7800
699,2016-08-25 10:07:09,BID,12.47,10000
700,2016-08-25 10:07:09,ASK,12.48,8300
701,2016-08-25 10:07:09,ASK,12.48,7800
702,2016-08-25 10:07:09,ASK,12.48,7300
703,2016-08-25 10:07:09,BID,12.47,15000
704,2016-08-25 10:07:09,TRADE,12.48,100
705,2016-08-25 10:07:09,ASK,12.48,7200
706,2016-08-25 10:07:09,BID,12.47,16000
707,2016-08-25 10:07:10,ASK,12.48,6700
708,2016-08-25 10:07:10,BID,12.47,15500
709,2016-08-25 10:07:10,ASK,12.48,7200
710,2016-08-25 10:07:10,BID,12.47,16000
711,2016-08-25 10:07:10,ASK,12.48,6700
712,2016-08-25 10:07:10,ASK,12.48,7000
713,2016-08-25 10:07:11,ASK,12.48,7100
714,2016-08-25 10:07:12,BID,12.47,11000
715,2016-08-25 10:07:13,TRADE,12.47,300
716,2016-08-25 10:07:13,TRADE,12.47,400
717,2016-08-25 10:07:13,TRADE,12.47,1300
718,2016-08-25 10:07:13,BID,12.47,9000
719,2016-08-25 10:07:13,BID,12.47,5300
720,2016-08-25 10:07:13,ASK,12.48,7600
721,2016-08-25 10:07:13,BID,12.47,5500
722,2016-08-25 10:07:13,ASK,12.48,7700
723,2016-08-25 10:07:14,BID,12.47,5800
724,2016-08-25 10:07:14,ASK,12.48,9200
725,2016-08-25 10:07:15,TRADE,12.47,3800
726,2016-08-25 10:07:15,TRADE,12.47,1000
727,2016-08-25 10:07:15,TRADE,12.47,500
728,2016-08-25 10:07:15,TRADE,12.47,200
729,2016-08-25 10:07:15,TRADE,12.47,300
730,2016-08-25 10:07:15,BID,12.46,9100
731,2016-08-25 10:07:15,BID,12.46,4100
732,2016-08-25 10:07:15,BID,12.46,7900
733,2016-08-25 10:07:15,ASK,12.47,400
734,2016-08-25 10:07:15,ASK,12.47,700
735,2016-08-25 10:07:15,ASK,12.47,5700
736,2016-08-25 10:07:15,BID,12.46,7500
737,2016-08-25 10:07:15,ASK,12.47,6000
738,2016-08-25 10:07:15,ASK,12.47,6100
739,2016-08-25 10:07:15,ASK,12.47,6400
740,2016-08-25 10:07:15,ASK,12.47,6100
741,2016-08-25 10:07:15,ASK,12.47,1100
742,2016-08-25 10:07:15,ASK,12.47,800
743,2016-08-25 10:07:16,ASK,12.47,1000
744,2016-08-25 10:07:16,TRADE,12.47,400
745,2016-08-25 10:07:16,TRADE,12.47,100
746,2016-08-25 10:07:16,TRADE,12.47,300
747,2016-08-25 10:07:16,TRADE,12.47,200
748,2016-08-25 10:07:16,ASK,12.48,8700
749,2016-08-25 10:07:16,ASK,12.47,400
750,2016-08-25 10:07:16,BID,12.46,12500
751,2016-08-25 10:07:16,ASK,12.47,500
755,2016-08-25 10:07:17,TRADE,12.46,100
756,2016-08-25 10:07:17,BID,12.46,12400
760,2016-08-25 10:07:18,ASK,12.47,600
762,2016-08-25 10:07:19,TRADE,12.47,400
763,2016-08-25 10:07:19,TRADE,12.47,100
764,2016-08-25 10:07:19,TRADE,12.47,100
765,2016-08-25 10:07:19,BID,12.47,4400
766,2016-08-25 10:07:19,ASK,12.48,8700
767,2016-08-25 10:07:19,TRADE,12.47,400
768,2016-08-25 10:07:19,BID,12.47,4000
769,2016-08-25 10:07:19,BID,12.47,4500
770,2016-08-25 10:07:19,BID,12.46,100
771,2016-08-25 10:07:19,BID,12.47,4000
772,2016-08-25 10:07:20,BID,12.47,7800
773,2016-08-25 10:07:21,ASK,12.48,8800
774,2016-08-25 10:07:21,BID,12.47,8300
775,2016-08-25 10:07:23,BID,12.47,11800
776,2016-08-25 10:07:23,BID,12.47,16500
777,2016-08-25 10:07:23,ASK,12.48,8300
778,2016-08-25 10:07:23,ASK,12.48,8800
779,2016-08-25 10:07:23,ASK,12.48,8900
780,2016-08-25 10:07:23,ASK,12.48,9000
781,2016-08-25 10:07:24,BID,12.47,20500
782,2016-08-25 10:07:24,ASK,12.48,8500
783,2016-08-25 10:07:25,TRADE,12.47,2000
784,2016-08-25 10:07:25,BID,12.47,18500
785,2016-08-25 10:07:27,TRADE,12.48,1400
786,2016-08-25 10:07:27,TRADE,12.48,600
787,2016-08-25 10:07:27,ASK,12.48,6500
788,2016-08-25 10:07:28,ASK,12.48,6700
789,2016-08-25 10:07:28,TRADE,12.47,100
790,2016-08-25 10:07:28,BID,12.47,18400
791,2016-08-25 10:07:30,BID,12.47,20400
792,2016-08-25 10:07:31,TRADE,12.48,500
793,2016-08-25 10:07:31,ASK,12.48,6200
794,2016-08-25 10:07:32,BID,12.47,30400
795,2016-08-25 10:07:32,ASK,12.48,2300
796,2016-08-25 10:07:32,ASK,12.48,2700
797,2016-08-25 10:07:32,BID,12.47,60400
798,2016-08-25 10:07:34,BID,12.47,60900
799,2016-08-25 10:07:36,BID,12.47,70900
800,2016-08-25 10:07:36,ASK,12.48,1200
801,2016-08-25 10:07:36,BID,12.47,71000
802,2016-08-25 10:07:38,TRADE,12.48,300
803,2016-08-25 10:07:38,TRADE,12.48,100
804,2016-08-25 10:07:38,TRADE,12.48,100
805,2016-08-25 10:07:38,TRADE,12.48,100
806,2016-08-25 10:07:38,TRADE,12.48,200
807,2016-08-25 10:07:38,TRADE,12.48,400
808,2016-08-25 10:07:38,BID,12.48,1800
809,2016-08-25 10:07:38,ASK,12.49,40200
810,2016-08-25 10:07:38,ASK,12.49,40700
811,2016-08-25 10:07:38,BID,12.48,2100
812,2016-08-25 10:07:38,BID,12.48,5900
815,2016-08-25 10:07:38,TRADE,12.49,300
816,2016-08-25 10:07:38,ASK,12.49,40400
817,2016-08-25 10:07:38,TRADE,12.48,100
818,2016-08-25 10:07:38,BID,12.48,5800
820,2016-08-25 10:07:38,BID,12.48,10800
822,2016-08-25 10:07:38,ASK,12.49,40700
823,2016-08-25 10:07:38,TRADE,12.48,400
824,2016-08-25 10:07:38,BID,12.48,10400
825,2016-08-25 10:07:39,BID,12.48,11400
826,2016-08-25 10:07:39,BID,12.48,13400
827,2016-08-25 10:07:39,BID,12.48,13900
828,2016-08-25 10:07:39,ASK,12.49,40200
829,2016-08-25 10:07:40,ASK,12.49,35200
830,2016-08-25 10:07:40,ASK,12.49,35700
831,2016-08-25 10:07:40,ASK,12.49,33700
832,2016-08-25 10:07:41,TRADE,12.48,1000
833,2016-08-25 10:07:41,BID,12.48,12900
834,2016-08-25 10:07:41,BID,12.48,12400
835,2016-08-25 10:07:41,BID,12.48,12900
836,2016-08-25 10:07:41,ASK,12.49,33200
837,2016-08-25 10:07:42,BID,12.48,22900
838,2016-08-25 10:07:42,BID,12.48,20900
839,2016-08-25 10:07:44,ASK,12.49,33500
840,2016-08-25 10:07:44,TRADE,12.48,300
841,2016-08-25 10:07:44,TRADE,12.48,300
842,2016-08-25 10:07:44,TRADE,12.48,400
843,2016-08-25 10:07:44,BID,12.48,19900
844,2016-08-25 10:07:44,ASK,12.49,38500
845,2016-08-25 10:07:44,TRADE,12.49,700
846,2016-08-25 10:07:44,TRADE,12.49,1300
847,2016-08-25 10:07:44,ASK,12.49,36500
848,2016-08-25 10:07:44,ASK,12.49,36600
849,2016-08-25 10:07:44,ASK,12.49,36500
850,2016-08-25 10:07:44,BID,12.48,20000
851,2016-08-25 10:07:44,TRADE,12.48,500
852,2016-08-25 10:07:44,BID,12.48,19500
853,2016-08-25 10:07:44,ASK,12.49,37000
854,2016-08-25 10:07:45,BID,12.48,22200
855,2016-08-25 10:07:46,ASK,12.49,36500
856,2016-08-25 10:07:48,TRADE,12.49,800
857,2016-08-25 10:07:48,ASK,12.49,35700
858,2016-08-25 10:07:49,ASK,12.49,36200
859,2016-08-25 10:07:50,TRADE,12.49,200
860,2016-08-25 10:07:50,ASK,12.49,36000
861,2016-08-25 10:07:50,TRADE,12.48,400
862,2016-08-25 10:07:50,BID,12.48,21800
863,2016-08-25 10:07:51,BID,12.48,22800
864,2016-08-25 10:07:53,TRADE,12.49,500
865,2016-08-25 10:07:53,ASK,12.49,35500
866,2016-08-25 10:07:54,BID,12.48,22300
867,2016-08-25 10:07:56,BID,12.48,25300
868,2016-08-25 10:07:56,TRADE,12.49,2000
869,2016-08-25 10:07:56,ASK,12.49,33500
870,2016-08-25 10:07:56,BID,12.48,25800
871,2016-08-25 10:07:56,TRADE,12.48,400
872,2016-08-25 10:07:56,BID,12.48,25400
873,2016-08-25 10:07:56,BID,12.48,28300
874,2016-08-25 10:07:58,TRADE,12.48,100
875,2016-08-25 10:07:58,BID,12.48,28200
876,2016-08-25 10:07:59,ASK,12.49,34100
877,2016-08-25 10:07:59,BID,12.48,38200
878,2016-08-25 10:08:00,BID,12.48,37700
879,2016-08-25 10:08:00,TRADE,12.49,11100
880,2016-08-25 10:08:00,TRADE,12.49,1000
881,2016-08-25 10:08:00,TRADE,12.49,12000
882,2016-08-25 10:08:00,TRADE,12.49,200
883,2016-08-25 10:08:00,TRADE,12.49,3000
884,2016-08-25 10:08:00,TRADE,12.49,300
885,2016-08-25 10:08:00,TRADE,12.49,300
886,2016-08-25 10:08:00,TRADE,12.49,5000
887,2016-08-25 10:08:00,TRADE,12.49,100
888,2016-08-25 10:08:00,TRADE,12.49,500
889,2016-08-25 10:08:00,TRADE,12.49,600
890,2016-08-25 10:08:00,BID,12.49,15900
891,2016-08-25 10:08:00,ASK,12.5,64000
892,2016-08-25 10:08:00,ASK,12.5,64500
896,2016-08-25 10:08:00,TRADE,12.49,100
897,2016-08-25 10:08:00,BID,12.49,15800
899,2016-08-25 10:08:00,BID,12.48,100
900,2016-08-25 10:08:00,BID,12.49,17100
901,2016-08-25 10:08:00,TRADE,12.49,3200
902,2016-08-25 10:08:00,BID,12.49,13900
903,2016-08-25 10:08:00,BID,12.49,12600
904,2016-08-25 10:08:00,TRADE,12.49,3200
905,2016-08-25 10:08:00,BID,12.49,9400
906,2016-08-25 10:08:01,TRADE,12.49,9400
907,2016-08-25 10:08:01,BID,12.48,43700
908,2016-08-25 10:08:01,TRADE,12.48,600
908,2016-08-25 10:08:01,BID,12.48,43100
909,2016-08-25 10:08:01,ASK,12.49,5000
910,2016-08-25 10:08:01,ASK,12.49,5300
913,2016-08-25 10:08:01,ASK,12.49,5700
914,2016-08-25 10:08:01,ASK,12.49,6200
915,2016-08-25 10:08:01,ASK,12.49,6600
916,2016-08-25 10:08:01,TRADE,12.48,900
917,2016-08-25 10:08:01,BID,12.48,42200
918,2016-08-25 10:08:01,BID,12.48,41700
919,2016-08-25 10:08:02,BID,12.48,42200
920,2016-08-25 10:08:02,ASK,12.49,6100
921,2016-08-25 10:08:02,BID,12.48,42700
922,2016-08-25 10:08:03,BID,12.48,42200
923,2016-08-25 10:08:04,TRADE,12.49,1000
924,2016-08-25 10:08:04,BID,12.48,41200
925,2016-08-25 10:08:04,ASK,12.49,5100
926,2016-08-25 10:08:04,TRADE,12.49,4000
927,2016-08-25 10:08:04,TRADE,12.49,300
928,2016-08-25 10:08:04,TRADE,12.49,400
929,2016-08-25 10:08:04,TRADE,12.49,300
930,2016-08-25 10:08:04,ASK,12.49,100
931,2016-08-25 10:08:04,ASK,12.5,55700
933,2016-08-25 10:08:04,ASK,12.5,55800
934,2016-08-25 10:08:04,ASK,12.49,300
935,2016-08-25 10:08:04,ASK,12.49,5300
937,2016-08-25 10:08:04,ASK,12.49,5800
938,2016-08-25 10:08:04,BID,12.48,40700
939,2016-08-25 10:08:04,ASK,12.49,6200
940,2016-08-25 10:08:04,TRADE,12.48,500
941,2016-08-25 10:08:04,TRADE,12.48,500
942,2016-08-25 10:08:04,BID,12.48,39700
943,2016-08-25 10:08:04,BID,12.48,36800
944,2016-08-25 10:08:05,ASK,12.49,6300
945,2016-08-25 10:08:05,BID,12.48,37300
946,2016-08-25 10:08:05,ASK,12.49,5800
947,2016-08-25 10:08:05,TRADE,12.49,300
948,2016-08-25 10:08:05,TRADE,12.49,1700
949,2016-08-25 10:08:05,ASK,12.49,3800
950,2016-08-25 10:08:05,ASK,12.49,3400
951,2016-08-25 10:08:05,ASK,12.49,3700
952,2016-08-25 10:08:05,TRADE,12.49,3300
953,2016-08-25 10:08:05,TRADE,12.49,100
954,2016-08-25 10:08:05,TRADE,12.49,300
955,2016-08-25 10:08:05,BID,12.49,100
956,2016-08-25 10:08:05,ASK,12.5,55800
957,2016-08-25 10:08:05,BID,12.48,37300
958,2016-08-25 10:08:05,ASK,12.5,55700
960,2016-08-25 10:08:05,TRADE,12.48,1000
961,2016-08-25 10:08:05,BID,12.48,36300
962,2016-08-25 10:08:05,ASK,12.5,56700
963,2016-08-25 10:08:05,ASK,12.49,300
965,2016-08-25 10:08:08,ASK,12.49,5300
966,2016-08-25 10:08:10,ASK,12.49,5700
967,2016-08-25 10:08:11,ASK,12.49,10700
968,2016-08-25 10:08:11,BID,12.48,40300
969,2016-08-25 10:08:11,BID,12.48,50300
970,2016-08-25 10:08:11,TRADE,12.48,500
971,2016-08-25 10:08:11,BID,12.48,49800
972,2016-08-25 10:08:13,TRADE,12.49,300
973,2016-08-25 10:08:13,TRADE,12.49,3700
974,2016-08-25 10:08:13,ASK,12.49,6700
975,2016-08-25 10:08:13,ASK,12.49,5400
976,2016-08-25 10:08:13,ASK,12.49,5000
977,2016-08-25 10:08:13,TRADE,12.49,5000
978,2016-08-25 10:08:13,ASK,12.5,61000
979,2016-08-25 10:08:13,ASK,12.5,52000
981,2016-08-25 10:08:13,ASK,12.5,51900
982,2016-08-25 10:08:13,BID,12.48,55800
983,2016-08-25 10:08:13,BID,12.49,5000
984,2016-08-25 10:08:13,BID,12.49,5300
985,2016-08-25 10:08:13,BID,12.48,100
986,2016-08-25 10:08:13,ASK,12.5,52000
987,2016-08-25 10:08:13,ASK,12.5,54100
988,2016-08-25 10:08:13,BID,12.49,23300
989,2016-08-25 10:08:14,BID,12.49,23800
990,2016-08-25 10:08:14,BID,12.49,23300
991,2016-08-25 10:08:15,BID,12.49,23800
992,2016-08-25 10:08:15,ASK,12.5,53900
993,2016-08-25 10:08:15,TRADE,12.49,5000
994,2016-08-25 10:08:15,TRADE,12.49,300
995,2016-08-25 10:08:15,TRADE,12.49,4700
996,2016-08-25 10:08:15,BID,12.49,13800
997,2016-08-25 10:08:15,BID,12.49,13300
998,2016-08-25 10:08:15,BID,12.49,18300
999,2016-08-25 10:08:15,BID,12.49,18800
1000,2016-08-25 10:08:16,ASK,12.5,54000
1001,2016-08-25 10:08:16,ASK,12.5,51900
1002,2016-08-25 10:08:16,TRADE,12.49,1900
1003,2016-08-25 10:08:16,BID,12.49,16900
1004,2016-08-25 10:08:16,ASK,12.5,56900
1005,2016-08-25 10:08:18,TRADE,12.49,11400
1006,2016-08-25 10:08:18,TRADE,12.49,5000
1007,2016-08-25 10:08:18,TRADE,12.49,500
1008,2016-08-25 10:08:18,BID,12.48,70100
1009,2016-08-25 10:08:18,BID,12.48,65100
1011,2016-08-25 10:08:18,BID,12.48,65000
1012,2016-08-25 10:08:18,ASK,12.5,57800
1013,2016-08-25 10:08:18,ASK,12.5,57900
1014,2016-08-25 10:08:18,TRADE,12.48,2500
1015,2016-08-25 10:08:18,BID,12.48,62500
1016,2016-08-25 10:08:18,ASK,12.5,60400
1017,2016-08-25 10:08:18,ASK,12.49,5000
1018,2016-08-25 10:08:18,ASK,12.49,5300
1020,2016-08-25 10:08:18,ASK,12.49,5400
1021,2016-08-25 10:08:18,ASK,12.49,5900
1022,2016-08-25 10:08:18,ASK,12.49,6300
1023,2016-08-25 10:08:19,BID,12.48,62000
1024,2016-08-25 10:08:19,ASK,12.49,6600
1025,2016-08-25 10:08:19,BID,12.48,61500
1026,2016-08-25 10:08:19,ASK,12.49,7000
1027,2016-08-25 10:08:19,ASK,12.49,7100
1028,2016-08-25 10:08:19,ASK,12.49,7200
1029,2016-08-25 10:08:19,ASK,12.49,7300
1030,2016-08-25 10:08:19,ASK,12.49,7700
1031,2016-08-25 10:08:20,BID,12.48,62000
1032,2016-08-25 10:08:22,ASK,12.49,7400
1033,2016-08-25 10:08:23,TRADE,12.49,1000
1034,2016-08-25 10:08:23,ASK,12.49,6400
1035,2016-08-25 10:08:23,ASK,12.49,6300
1036,2016-08-25 10:08:23,ASK,12.49,6400
1037,2016-08-25 10:08:24,TRADE,12.48,1300
1038,2016-08-25 10:08:24,BID,12.48,60700
1039,2016-08-25 10:08:26,BID,12.48,61200
1040,2016-08-25 10:08:27,BID,12.48,61300
1041,2016-08-25 10:08:27,ASK,12.49,6000
1042,2016-08-25 10:08:27,BID,12.48,61800
1043,2016-08-25 10:08:28,BID,12.48,62300
1044,2016-08-25 10:08:29,BID,12.48,60300
1045,2016-08-25 10:08:30,TRADE,12.48,600
1046,2016-08-25 10:08:30,BID,12.48,59700
1047,2016-08-25 10:08:31,BID,12.48,63200
1048,2016-08-25 10:08:31,TRADE,12.49,2700
1049,2016-08-25 10:08:31,BID,12.48,60500
1050,2016-08-25 10:08:31,ASK,12.49,3300
1051,2016-08-25 10:08:31,TRADE,12.49,1300
1052,2016-08-25 10:08:31,TRADE,12.49,300
1053,2016-08-25 10:08:31,TRADE,12.49,500
1054,2016-08-25 10:08:31,TRADE,12.49,400
1055,2016-08-25 10:08:31,TRADE,12.49,100
1056,2016-08-25 10:08:31,TRADE,12.49,100
1057,2016-08-25 10:08:31,TRADE,12.49,100
1058,2016-08-25 10:08:31,TRADE,12.49,400
1059,2016-08-25 10:08:31,TRADE,12.49,100
1060,2016-08-25 10:08:31,ASK,12.5,57200
1062,2016-08-25 10:08:32,ASK,12.5,57700
1063,2016-08-25 10:08:32,ASK,12.5,57600
1064,2016-08-25 10:08:33,ASK,12.49,300
1066,2016-08-25 10:08:36,TRADE,12.48,900
1067,2016-08-25 10:08:36,BID,12.48,59600
1068,2016-08-25 10:08:36,ASK,12.49,5300
1069,2016-08-25 10:08:37,ASK,12.49,5800
1070,2016-08-25 10:08:37,TRADE,12.49,300
1071,2016-08-25 10:08:37,TRADE,12.49,100
1072,2016-08-25 10:08:37,ASK,12.49,5400
1073,2016-08-25 10:08:37,ASK,12.49,5700
1074,2016-08-25 10:08:37,BID,12.48,69600
1076,2016-08-25 10:08:37,BID,12.48,72000
1077,2016-08-25 10:08:39,ASK,12.49,6100
1078,2016-08-25 10:08:39,BID,12.48,71500
1079,2016-08-25 10:08:42,TRADE,12.48,500
1080,2016-08-25 10:08:42,BID,12.48,71000
1081,2016-08-25 10:08:42,ASK,12.49,6400
1082,2016-08-25 10:08:43,TRADE,12.49,500
1083,2016-08-25 10:08:43,ASK,12.49,5900
1084,2016-08-25 10:08:43,ASK,12.49,6400
1085,2016-08-25 10:08:49,ASK,12.49,6700
1086,2016-08-25 10:08:49,ASK,12.49,9700
1087,2016-08-25 10:08:50,TRADE,12.48,6700
1088,2016-08-25 10:08:50,TRADE,12.48,1000
1089,2016-08-25 10:08:50,TRADE,12.48,3000
1090,2016-08-25 10:08:50,TRADE,12.48,10000
1091,2016-08-25 10:08:50,TRADE,12.48,500
1092,2016-08-25 10:08:50,TRADE,12.48,4000
1093,2016-08-25 10:08:50,TRADE,12.48,10000
1094,2016-08-25 10:08:50,TRADE,12.48,4800
1095,2016-08-25 10:08:50,BID,12.48,31000
1096,2016-08-25 10:08:50,TRADE,12.48,1200
1097,2016-08-25 10:08:50,TRADE,12.48,300
1098,2016-08-25 10:08:50,TRADE,12.48,5000
1099,2016-08-25 10:08:50,TRADE,12.48,7000
1100,2016-08-25 10:08:50,TRADE,12.48,500
1101,2016-08-25 10:08:50,TRADE,12.48,500
1102,2016-08-25 10:08:50,TRADE,12.48,100
1103,2016-08-25 10:08:50,TRADE,12.48,500
1104,2016-08-25 10:08:50,TRADE,12.48,3500
1105,2016-08-25 10:08:50,TRADE,12.48,400
1106,2016-08-25 10:08:50,BID,12.48,12000
1107,2016-08-25 10:08:50,TRADE,12.48,4700
1108,2016-08-25 10:08:50,BID,12.48,7300
1109,2016-08-25 10:08:50,TRADE,12.48,4900
1110,2016-08-25 10:08:50,TRADE,12.48,100
1111,2016-08-25 10:08:50,BID,12.48,2300
1112,2016-08-25 10:08:50,TRADE,12.48,400
1113,2016-08-25 10:08:50,BID,12.48,1900
1114,2016-08-25 10:08:50,TRADE,12.48,1900
1115,2016-08-25 10:08:50,BID,12.47,41000
1116,2016-08-25 10:08:50,ASK,12.48,600
1117,2016-08-25 10:08:50,ASK,12.48,1000
1118,2016-08-25 10:08:50,ASK,12.48,1300
1119,2016-08-25 10:08:50,ASK,12.48,1600
1120,2016-08-25 10:08:50,ASK,12.48,2100
1122,2016-08-25 10:08:50,BID,12.47,40900
1123,2016-08-25 10:08:50,TRADE,12.48,100
1124,2016-08-25 10:08:50,ASK,12.48,2000
1125,2016-08-25 10:08:50,TRADE,12.47,1900
1126,2016-08-25 10:08:50,TRADE,12.47,4600
1127,2016-08-25 10:08:50,BID,12.47,34400
1128,2016-08-25 10:08:50,BID,12.47,34300
1129,2016-08-25 10:08:50,ASK,12.48,3200
1130,2016-08-25 10:08:51,ASK,12.48,3900
1131,2016-08-25 10:08:51,BID,12.47,39300
1132,2016-08-25 10:08:51,ASK,12.48,3600
1133,2016-08-25 10:08:51,TRADE,12.47,3300
1134,2016-08-25 10:08:51,BID,12.47,36000
1135,2016-08-25 10:08:51,TRADE,12.48,500
1136,2016-08-25 10:08:51,TRADE,12.48,400
1137,2016-08-25 10:08:51,TRADE,12.48,300
1138,2016-08-25 10:08:51,TRADE,12.48,500
1139,2016-08-25 10:08:51,TRADE,12.48,1200
1140,2016-08-25 10:08:51,TRADE,12.48,700
1141,2016-08-25 10:08:51,ASK,12.49,14800
1142,2016-08-25 10:08:51,TRADE,12.49,4400
1143,2016-08-25 10:08:51,TRADE,12.49,500
1144,2016-08-25 10:08:51,TRADE,12.49,300
1145,2016-08-25 10:08:51,TRADE,12.49,400
1146,2016-08-25 10:08:51,TRADE,12.49,300
1147,2016-08-25 10:08:51,TRADE,12.49,500
1147,2016-08-25 10:08:51,ASK,12.49,8400
1148,2016-08-25 10:08:51,ASK,12.48,400
1149,2016-08-25 10:08:51,ASK,12.48,900
1150,2016-08-25 10:08:51,ASK,12.48,500
1151,2016-08-25 10:08:51,ASK,12.49,13900
1152,2016-08-25 10:08:51,ASK,12.49,8900
1153,2016-08-25 10:08:51,BID,12.47,36500
1154,2016-08-25 10:08:51,ASK,12.48,4600
1155,2016-08-25 10:08:51,TRADE,12.48,900
1156,2016-08-25 10:08:51,ASK,12.48,3700
1157,2016-08-25 10:08:51,ASK,12.49,8900
1158,2016-08-25 10:08:52,BID,12.47,38500
1159,2016-08-25 10:08:52,ASK,12.49,9000
1160,2016-08-25 10:08:52,BID,12.47,36500
1161,2016-08-25 10:08:52,TRADE,12.47,700
1162,2016-08-25 10:08:52,TRADE,12.47,300
1163,2016-08-25 10:08:52,BID,12.47,35500
1164,2016-08-25 10:08:52,ASK,12.49,10500
1165,2016-08-25 10:08:52,BID,12.47,37500
1166,2016-08-25 10:08:52,ASK,12.48,100
1167,2016-08-25 10:08:52,BID,12.47,35500
1168,2016-08-25 10:08:52,ASK,12.48,4900
1169,2016-08-25 10:08:52,ASK,12.48,5400
1170,2016-08-25 10:08:52,ASK,12.48,10400
1171,2016-08-25 10:08:52,BID,12.47,35000
1172,2016-08-25 10:08:52,ASK,12.48,10500
1173,2016-08-25 10:08:53,TRADE,12.48,100
1174,2016-08-25 10:08:53,TRADE,12.48,1100
1175,2016-08-25 10:08:53,ASK,12.48,9300
1176,2016-08-25 10:08:53,ASK,12.48,18100
1177,2016-08-25 10:08:53,ASK,12.48,18200
1178,2016-08-25 10:08:53,ASK,12.48,19700
1179,2016-08-25 10:08:53,TRADE,12.47,2700
1180,2016-08-25 10:08:53,TRADE,12.47,17000
1181,2016-08-25 10:08:53,TRADE,12.47,7300
1182,2016-08-25 10:08:53,TRADE,12.47,3000
1183,2016-08-25 10:08:53,TRADE,12.47,5000
1184,2016-08-25 10:08:53,BID,12.46,11500
1185,2016-08-25 10:08:53,TRADE,12.46,200
1186,2016-08-25 10:08:53,TRADE,12.46,500
1187,2016-08-25 10:08:53,TRADE,12.46,300
1188,2016-08-25 10:08:53,TRADE,12.46,2600
1189,2016-08-25 10:08:53,TRADE,12.46,800
1190,2016-08-25 10:08:53,TRADE,12.46,100
1191,2016-08-25 10:08:53,TRADE,12.46,5000
1192,2016-08-25 10:08:53,TRADE,12.46,2000
1192,2016-08-25 10:08:53,BID,12.45,52100
1193,2016-08-25 10:08:53,ASK,12.46,3500
1194,2016-08-25 10:08:53,BID,12.45,52000
1195,2016-08-25 10:08:53,BID,12.45,47000
1196,2016-08-25 10:08:53,BID,12.45,47100
1197,2016-08-25 10:08:53,TRADE,12.46,2000
1198,2016-08-25 10:08:53,ASK,12.46,1500
1199,2016-08-25 10:08:53,ASK,12.46,6500
1200,2016-08-25 10:08:53,TRADE,12.46,1500
1201,2016-08-25 10:08:53,TRADE,12.46,2000
1202,2016-08-25 10:08:53,ASK,12.46,3000
1203,2016-08-25 10:08:53,TRADE,12.46,3000
1204,2016-08-25 10:08:53,ASK,12.47,5500
1205,2016-08-25 10:08:53,ASK,12.47,5800
1206,2016-08-25 10:08:53,ASK,12.47,6200
1207,2016-08-25 10:08:53,BID,12.46,500
1210,2016-08-25 10:08:53,BID,12.46,1200
1211,2016-08-25 10:08:53,BID,12.46,6200
1212,2016-08-25 10:08:53,BID,12.46,6500
1213,2016-08-25 10:08:53,BID,12.46,6900
1215,2016-08-25 10:08:53,BID,12.46,7400
1216,2016-08-25 10:08:53,BID,12.46,8100
1217,2016-08-25 10:08:53,BID,12.46,8600
1218,2016-08-25 10:08:53,BID,12.46,9300
1219,2016-08-25 10:08:53,BID,12.46,10300
1220,2016-08-25 10:08:53,BID,12.46,10800
1221,2016-08-25 10:08:53,BID,12.46,10300
1222,2016-08-25 10:08:53,TRADE,12.47,500
1223,2016-08-25 10:08:53,TRADE,12.47,200
1224,2016-08-25 10:08:53,BID,12.46,9600
1225,2016-08-25 10:08:53,ASK,12.47,5500
1226,2016-08-25 10:08:53,BID,12.46,10100
1227,2016-08-25 10:08:53,ASK,12.47,6000
1228,2016-08-25 10:08:53,BID,12.46,14900
1229,2016-08-25 10:08:53,ASK,12.47,5700
1230,2016-08-25 10:08:53,BID,12.46,15400
1231,2016-08-25 10:08:53,TRADE,12.47,700
1232,2016-08-25 10:08:53,BID,12.46,14700
1233,2016-08-25 10:08:53,ASK,12.47,5000
1234,2016-08-25 10:08:54,BID,12.46,14200
1235,2016-08-25 10:08:54,ASK,12.47,4500
1236,2016-08-25 10:08:54,BID,12.46,14700
1237,2016-08-25 10:08:54,TRADE,12.47,2400
1238,2016-08-25 10:08:54,ASK,12.47,2100
1239,2016-08-25 10:08:54,BID,12.46,15700
1240,2016-08-25 10:08:54,BID,12.46,15000
1241,2016-08-25 10:08:54,TRADE,12.47,700
1242,2016-08-25 10:08:54,ASK,12.47,1400
1243,2016-08-25 10:08:54,ASK,12.47,1900
1244,2016-08-25 10:08:54,BID,12.46,10200
1245,2016-08-25 10:08:54,ASK,12.47,2200
1246,2016-08-25 10:08:54,TRADE,12.47,700
1247,2016-08-25 10:08:54,ASK,12.47,1500
1248,2016-08-25 10:08:54,ASK,12.47,1600
1249,2016-08-25 10:08:54,ASK,12.47,1700
1250,2016-08-25 10:08:54,TRADE,12.46,500
1251,2016-08-25 10:08:54,TRADE,12.46,5000
1252,2016-08-25 10:08:54,TRADE,12.46,300
1253,2016-08-25 10:08:54,TRADE,12.46,400
1254,2016-08-25 10:08:54,TRADE,12.46,500
1255,2016-08-25 10:08:54,TRADE,12.46,400
1256,2016-08-25 10:08:54,BID,12.46,3100
1257,2016-08-25 10:08:54,BID,12.46,2600
1258,2016-08-25 10:08:54,BID,12.46,7600
1259,2016-08-25 10:08:54,ASK,12.47,2200
1260,2016-08-25 10:08:54,ASK,12.47,2300
1261,2016-08-25 10:08:55,TRADE,12.47,300
1262,2016-08-25 10:08:55,TRADE,12.47,400
1263,2016-08-25 10:08:55,ASK,12.47,1600
1264,2016-08-25 10:08:55,TRADE,12.47,500
1265,2016-08-25 10:08:55,BID,12.46,7100
1266,2016-08-25 10:08:55,ASK,12.47,1100
1267,2016-08-25 10:08:55,ASK,12.47,1500
1268,2016-08-25 10:08:55,ASK,12.47,6500
1269,2016-08-25 10:08:55,ASK,12.47,7000
1270,2016-08-25 10:08:55,TRADE,12.47,300
1271,2016-08-25 10:08:55,TRADE,12.47,100
1272,2016-08-25 10:08:55,TRADE,12.47,100
1273,2016-08-25 10:08:55,TRADE,12.47,200
1274,2016-08-25 10:08:55,ASK,12.47,6300
1275,2016-08-25 10:08:55,TRADE,12.47,300
1276,2016-08-25 10:08:55,TRADE,12.47,100
1277,2016-08-25 10:08:55,TRADE,12.47,100
1278,2016-08-25 10:08:55,ASK,12.47,5800
1279,2016-08-25 10:08:55,TRADE,12.47,300
1280,2016-08-25 10:08:55,TRADE,12.47,400
1281,2016-08-25 10:08:55,ASK,12.47,5100
1282,2016-08-25 10:08:55,ASK,12.47,5500
1283,2016-08-25 10:08:55,TRADE,12.47,700
1284,2016-08-25 10:08:55,ASK,12.47,4800
1285,2016-08-25 10:08:55,TRADE,12.47,500
1286,2016-08-25 10:08:55,ASK,12.47,4300
1287,2016-08-25 10:08:55,TRADE,12.47,700
1288,2016-08-25 10:08:55,ASK,12.47,3600
1289,2016-08-25 10:08:55,TRADE,12.47,700
1290,2016-08-25 10:08:55,ASK,12.47,2900
1291,2016-08-25 10:08:55,TRADE,12.47,400
1292,2016-08-25 10:08:55,ASK,12.47,2500
1293,2016-08-25 10:08:55,BID,12.46,7600
1294,2016-08-25 10:08:55,TRADE,12.46,600
1295,2016-08-25 10:08:55,TRADE,12.46,500
1296,2016-08-25 10:08:55,TRADE,12.46,1000
1297,2016-08-25 10:08:55,TRADE,12.46,2000
1298,2016-08-25 10:08:55,BID,12.46,3500
1299,2016-08-25 10:08:55,BID,12.46,3800
1300,2016-08-25 10:08:55,ASK,12.47,2800
1301,2016-08-25 10:08:55,ASK,12.47,4300
1302,2016-08-25 10:08:55,BID,12.46,3300
1303,2016-08-25 10:08:56,BID,12.46,3000
1304,2016-08-25 10:08:56,ASK,12.47,4400
1305,2016-08-25 10:08:56,BID,12.46,3300
1306,2016-08-25 10:08:56,ASK,12.47,9400
1307,2016-08-25 10:08:56,BID,12.46,3600
1308,2016-08-25 10:08:56,BID,12.46,4000
1309,2016-08-25 10:08:56,BID,12.46,4200
1310,2016-08-25 10:08:56,ASK,12.47,9100
1311,2016-08-25 10:08:57,ASK,12.47,9200
1312,2016-08-25 10:08:58,ASK,12.47,7600
1313,2016-08-25 10:08:58,ASK,12.47,7200
1314,2016-08-25 10:08:58,BID,12.46,4700
1315,2016-08-25 10:08:58,BID,12.46,9500
1316,2016-08-25 10:08:58,ASK,12.47,6700
1317,2016-08-25 10:08:58,TRADE,12.46,2100
1318,2016-08-25 10:08:58,BID,12.46,7400
1319,2016-08-25 10:08:58,BID,12.46,2600
1320,2016-08-25 10:08:58,ASK,12.47,7200
1321,2016-08-25 10:08:58,ASK,12.47,12200
1322,2016-08-25 10:08:59,BID,12.46,2100
1323,2016-08-25 10:08:59,BID,12.46,1900
1324,2016-08-25 10:08:59,BID,12.46,2100
1325,2016-08-25 10:08:59,BID,12.46,1900
1326,2016-08-25 10:08:59,BID,12.46,2100
1327,2016-08-25 10:08:59,BID,12.46,1900
1328,2016-08-25 10:08:59,BID,12.46,2100
1329,2016-08-25 10:08:59,BID,12.46,1900
1330,2016-08-25 10:08:59,ASK,12.47,12300
1331,2016-08-25 10:08:59,ASK,12.47,14400
1332,2016-08-25 10:09:00,BID,12.46,1600
1333,2016-08-25 10:09:00,BID,12.46,1300
1334,2016-08-25 10:09:00,BID,12.46,1500
1335,2016-08-25 10:09:00,BID,12.46,1300
1336,2016-08-25 10:09:00,BID,12.46,900
1337,2016-08-25 10:09:02,BID,12.45,39800
1338,2016-08-25 10:09:02,BID,12.45,34800
1339,2016-08-25 10:09:02,BID,12.45,35300
1340,2016-08-25 10:09:02,BID,12.45,35800
1341,2016-08-25 10:09:03,ASK,12.46,5000
1347,2016-08-25 10:09:03,BID,12.44,100
1348,2016-08-25 10:09:03,BID,12.45,35300
1349,2016-08-25 10:09:03,ASK,12.46,5500
1350,2016-08-25 10:09:03,TRADE,12.45,1000
1351,2016-08-25 10:09:03,BID,12.45,34300
1352,2016-08-25 10:09:03,ASK,12.46,5000
1353,2016-08-25 10:09:03,ASK,12.46,7300
1354,2016-08-25 10:09:04,ASK,12.46,7400
1355,2016-08-25 10:09:04,ASK,12.46,7900
1356,2016-08-25 10:09:04,ASK,12.46,9100
1357,2016-08-25 10:09:04,ASK,12.46,8600
1358,2016-08-25 10:09:04,BID,12.45,34500
1359,2016-08-25 10:09:05,TRADE,12.46,1000
1360,2016-08-25 10:09:05,ASK,12.46,7600
1361,2016-08-25 10:09:05,TRADE,12.46,500
1362,2016-08-25 10:09:05,BID,12.45,34000
1363,2016-08-25 10:09:05,ASK,12.46,7100
1364,2016-08-25 10:09:05,BID,12.45,34500
1365,2016-08-25 10:09:06,BID,12.45,34300
1366,2016-08-25 10:09:07,BID,12.45,33800
1367,2016-08-25 10:09:07,BID,12.45,34000
1368,2016-08-25 10:09:07,BID,12.45,33800
1369,2016-08-25 10:09:07,TRADE,12.46,700
1370,2016-08-25 10:09:07,ASK,12.46,6400
1371,2016-08-25 10:09:07,TRADE,12.46,500
1372,2016-08-25 10:09:07,BID,12.45,33300
1373,2016-08-25 10:09:07,ASK,12.46,5900
1374,2016-08-25 10:09:07,TRADE,12.46,1000
1375,2016-08-25 10:09:07,ASK,12.46,4900
1376,2016-08-25 10:09:07,TRADE,12.46,700
1377,2016-08-25 10:09:07,ASK,12.46,4200
1378,2016-08-25 10:09:07,TRADE,12.46,600
1379,2016-08-25 10:09:07,TRADE,12.46,100
1380,2016-08-25 10:09:07,ASK,12.46,3500
1381,2016-08-25 10:09:07,TRADE,12.46,800
1382,2016-08-25 10:09:07,ASK,12.46,2700
1383,2016-08-25 10:09:07,TRADE,12.46,500
1384,2016-08-25 10:09:07,ASK,12.46,2200
1385,2016-08-25 10:09:07,BID,12.45,33800
1386,2016-08-25 10:09:07,TRADE,12.46,900
1387,2016-08-25 10:09:07,TRADE,12.46,100
1388,2016-08-25 10:09:07,TRADE,12.46,1200
1389,2016-08-25 10:09:07,ASK,12.47,9600
1390,2016-08-25 10:09:07,BID,12.46,300
1391,2016-08-25 10:09:07,BID,12.46,5300
1392,2016-08-25 10:09:07,BID,12.46,5600
1393,2016-08-25 10:09:07,BID,12.46,6000
1397,2016-08-25 10:09:07,ASK,12.47,9100
1398,2016-08-25 10:09:07,BID,12.46,6500
1399,2016-08-25 10:09:07,ASK,12.47,9600
1400,2016-08-25 10:09:08,ASK,12.47,9700
1401,2016-08-25 10:09:08,BID,12.46,6000
1402,2016-08-25 10:09:09,ASK,12.47,8700
1403,2016-08-25 10:09:11,BID,12.46,6300
1406,2016-08-25 10:09:12,TRADE,12.46,300
1407,2016-08-25 10:09:12,TRADE,12.46,5000
1408,2016-08-25 10:09:12,TRADE,12.46,300
1409,2016-08-25 10:09:12,TRADE,12.46,400
1410,2016-08-25 10:09:12,TRADE,12.46,300
1411,2016-08-25 10:09:12,BID,12.45,38600
1412,2016-08-25 10:09:12,ASK,12.46,23000
1413,2016-08-25 10:09:12,TRADE,12.46,300
1414,2016-08-25 10:09:12,ASK,12.46,22700
1415,2016-08-25 10:09:12,BID,12.45,38100
1416,2016-08-25 10:09:12,BID,12.45,33100
1417,2016-08-25 10:09:12,ASK,12.46,23200
1418,2016-08-25 10:09:12,BID,12.45,32900
1419,2016-08-25 10:09:12,ASK,12.46,28200
1421,2016-08-25 10:09:12,BID,12.45,33400
1422,2016-08-25 10:09:12,ASK,12.46,28300
1423,2016-08-25 10:09:12,TRADE,12.46,1000
1424,2016-08-25 10:09:12,ASK,12.46,27300
1425,2016-08-25 10:09:13,ASK,12.46,28000
1426,2016-08-25 10:09:13,BID,12.45,33300
1427,2016-08-25 10:09:13,ASK,12.46,27500
1428,2016-08-25 10:09:13,BID,12.45,33800
1429,2016-08-25 10:09:13,ASK,12.46,28000
1430,2016-08-25 10:09:13,BID,12.45,32800
1431,2016-08-25 10:09:13,BID,12.45,34100
1432,2016-08-25 10:09:13,ASK,12.46,28100
1433,2016-08-25 10:09:13,TRADE,12.46,900
1434,2016-08-25 10:09:13,ASK,12.46,27200
1435,2016-08-25 10:09:13,ASK,12.46,22200
1436,2016-08-25 10:09:14,BID,12.45,33600
1437,2016-08-25 10:09:14,BID,12.45,35100
1438,2016-08-25 10:09:14,ASK,12.46,21700
1439,2016-08-25 10:09:14,BID,12.45,35600
1440,2016-08-25 10:09:14,ASK,12.46,22200
1441,2016-08-25 10:09:14,ASK,12.46,21700
1442,2016-08-25 10:09:15,ASK,12.46,24300
1443,2016-08-25 10:09:16,ASK,12.46,24800
1444,2016-08-25 10:09:16,ASK,12.46,24300
1445,2016-08-25 10:09:16,ASK,12.46,24800
1446,2016-08-25 10:09:16,ASK,12.46,24300
1447,2016-08-25 10:09:16,BID,12.45,32600
1448,2016-08-25 10:09:18,TRADE,12.46,3000
1449,2016-08-25 10:09:18,ASK,12.46,21300
1450,2016-08-25 10:09:20,ASK,12.46,21800
1451,2016-08-25 10:09:20,ASK,12.46,26800
1452,2016-08-25 10:09:21,BID,12.45,32100
1453,2016-08-25 10:09:21,BID,12.45,31800
1454,2016-08-25 10:09:21,TRADE,12.45,4000
1455,2016-08-25 10:09:21,TRADE,12.45,400
1456,2016-08-25 10:09:21,TRADE,12.45,300
1457,2016-08-25 10:09:21,TRADE,12.45,2000
1458,2016-08-25 10:09:21,TRADE,12.45,15000
1459,2016-08-25 10:09:21,TRADE,12.45,2000
1460,2016-08-25 10:09:21,TRADE,12.45,300
1461,2016-08-25 10:09:21,TRADE,12.45,1000
1462,2016-08-25 10:09:21,TRADE,12.45,1000
1463,2016-08-25 10:09:21,TRADE,12.45,2000
1464,2016-08-25 10:09:21,TRADE,12.45,500
1465,2016-08-25 10:09:21,TRADE,12.45,500
1466,2016-08-25 10:09:21,TRADE,12.45,1300
1467,2016-08-25 10:09:21,TRADE,12.45,800
1468,2016-08-25 10:09:21,BID,12.45,700
1469,2016-08-25 10:09:21,BID,12.45,2700
1470,2016-08-25 10:09:21,BID,12.45,700
1471,2016-08-25 10:09:21,BID,12.45,1200
1472,2016-08-25 10:09:21,TRADE,12.45,700
1473,2016-08-25 10:09:21,TRADE,12.45,500
1474,2016-08-25 10:09:21,BID,12.44,13000
1475,2016-08-25 10:09:21,ASK,12.45,400
1476,2016-08-25 10:09:21,BID,12.44,13500
1477,2016-08-25 10:09:21,BID,12.44,18400
1478,2016-08-25 10:09:21,ASK,12.46,26800
1479,2016-08-25 10:09:21,BID,12.44,18900
1480,2016-08-25 10:09:21,BID,12.45,500
1481,2016-08-25 10:09:21,BID,12.45,5500
1482,2016-08-25 10:09:21,BID,12.45,5900
1483,2016-08-25 10:09:22,TRADE,12.45,500
1484,2016-08-25 10:09:22,TRADE,12.45,3200
1485,2016-08-25 10:09:22,BID,12.45,2200
1486,2016-08-25 10:09:22,BID,12.45,400
1487,2016-08-25 10:09:22,BID,12.45,900
1488,2016-08-25 10:09:23,ASK,12.46,24200
1489,2016-08-25 10:09:23,TRADE,12.45,400
1490,2016-08-25 10:09:23,TRADE,12.45,500
1491,2016-08-25 10:09:23,BID,12.44,18400
1492,2016-08-25 10:09:23,ASK,12.45,400
1493,2016-08-25 10:09:23,ASK,12.45,900
1494,2016-08-25 10:09:23,ASK,12.45,1200
1495,2016-08-25 10:09:23,ASK,12.45,1300
1496,2016-08-25 10:09:23,ASK,12.45,1400
1497,2016-08-25 10:09:23,BID,12.44,18900
1498,2016-08-25 10:09:23,BID,12.44,19400
1499,2016-08-25 10:09:24,BID,12.44,19900
1500,2016-08-25 10:09:24,BID,12.44,19400
1501,2016-08-25 10:09:24,BID,12.44,19900
1502,2016-08-25 10:09:24,BID,12.44,19400
1503,2016-08-25 10:09:24,ASK,12.45,4400
1504,2016-08-25 10:09:24,ASK,12.45,4700
1505,2016-08-25 10:09:24,TRADE,12.45,400
1506,2016-08-25 10:09:24,TRADE,12.45,100
1507,2016-08-25 10:09:24,BID,12.44,18900
1508,2016-08-25 10:09:24,ASK,12.45,4200
1509,2016-08-25 10:09:24,ASK,12.45,3800
1510,2016-08-25 10:09:24,BID,12.44,19400
1511,2016-08-25 10:09:24,ASK,12.45,4200
1512,2016-08-25 10:09:24,ASK,12.45,3900
1513,2016-08-25 10:09:24,TRADE,12.45,300
1514,2016-08-25 10:09:24,TRADE,12.45,100
1515,2016-08-25 10:09:24,TRADE,12.45,100
1516,2016-08-25 10:09:24,ASK,12.45,3400
1517,2016-08-25 10:09:24,ASK,12.45,400
1518,2016-08-25 10:09:24,ASK,12.46,24000
1519,2016-08-25 10:09:24,BID,12.44,19900
1520,2016-08-25 10:09:24,BID,12.44,20400
1521,2016-08-25 10:09:24,ASK,12.45,5000
1522,2016-08-25 10:09:24,ASK,12.45,5400
1523,2016-08-25 10:09:25,BID,12.44,19900
1524,2016-08-25 10:09:25,ASK,12.45,6600
1525,2016-08-25 10:09:25,ASK,12.45,11600
1526,2016-08-25 10:09:25,ASK,12.45,12100
1527,2016-08-25 10:09:25,BID,12.44,19400
1528,2016-08-25 10:09:25,TRADE,12.45,700
1529,2016-08-25 10:09:25,ASK,12.45,11400
1530,2016-08-25 10:09:25,ASK,12.45,10900
1531,2016-08-25 10:09:25,TRADE,12.45,500
1532,2016-08-25 10:09:25,BID,12.44,18900
1533,2016-08-25 10:09:25,ASK,12.45,10400
1534,2016-08-25 10:09:25,TRADE,12.45,700
1535,2016-08-25 10:09:25,ASK,12.45,9700
1536,2016-08-25 10:09:25,BID,12.44,19400
1537,2016-08-25 10:09:25,TRADE,12.45,500
1538,2016-08-25 10:09:25,BID,12.44,18900
1539,2016-08-25 10:09:25,ASK,12.45,9200
1540,2016-08-25 10:09:25,TRADE,12.45,400
1541,2016-08-25 10:09:25,ASK,12.45,8800
1542,2016-08-25 10:09:25,BID,12.44,19400
1543,2016-08-25 10:09:25,ASK,12.45,9300
1544,2016-08-25 10:09:25,BID,12.44,18900
1545,2016-08-25 10:09:26,TRADE,12.45,500
1546,2016-08-25 10:09:26,ASK,12.45,8800
1547,2016-08-25 10:09:26,BID,12.44,18400
1548,2016-08-25 10:09:26,BID,12.44,18300
1549,2016-08-25 10:09:26,ASK,12.45,12400
1550,2016-08-25 10:09:26,TRADE,12.45,1700
1551,2016-08-25 10:09:26,TRADE,12.45,400
1552,2016-08-25 10:09:26,TRADE,12.45,1200
1553,2016-08-25 10:09:26,TRADE,12.45,700
1554,2016-08-25 10:09:26,ASK,12.45,8400
1555,2016-08-25 10:09:26,ASK,12.45,4100
1556,2016-08-25 10:09:27,ASK,12.45,4500
1557,2016-08-25 10:09:27,BID,12.44,30300
1558,2016-08-25 10:09:27,TRADE,12.45,500
1559,2016-08-25 10:09:27,TRADE,12.45,3600
1560,2016-08-25 10:09:27,TRADE,12.45,400
1561,2016-08-25 10:09:27,ASK,12.46,23300
1562,2016-08-25 10:09:27,ASK,12.45,500
1563,2016-08-25 10:09:27,TRADE,12.45,500
1564,2016-08-25 10:09:27,BID,12.45,4500
1565,2016-08-25 10:09:27,ASK,12.46,23300
1566,2016-08-25 10:09:27,BID,12.45,4800
1567,2016-08-25 10:09:27,BID,12.45,9700
1568,2016-08-25 10:09:27,TRADE,12.45,100
1569,2016-08-25 10:09:27,BID,12.45,9600
1570,2016-08-25 10:09:27,TRADE,12.45,500
1571,2016-08-25 10:09:27,BID,12.45,9100
1572,2016-08-25 10:09:28,ASK,12.46,23400
1573,2016-08-25 10:09:29,ASK,12.46,23500
1574,2016-08-25 10:09:30,BID,12.45,9600
1575,2016-08-25 10:09:30,ASK,12.46,23000
1576,2016-08-25 10:09:30,BID,12.45,11600
1577,2016-08-25 10:09:30,ASK,12.46,23500
1578,2016-08-25 10:09:31,BID,12.45,11100
1579,2016-08-25 10:09:31,ASK,12.46,24000
1580,2016-08-25 10:09:32,ASK,12.46,24100
1581,2016-08-25 10:09:33,BID,12.45,10800
1582,2016-08-25 10:09:34,BID,12.45,11100
1583,2016-08-25 10:09:36,ASK,12.46,23600
1584,2016-08-25 10:09:36,TRADE,12.45,200
1585,2016-08-25 10:09:36,BID,12.45,10900
1586,2016-08-25 10:09:37,ASK,12.46,23800
1587,2016-08-25 10:09:40,TRADE,12.45,900
1588,2016-08-25 10:09:40,BID,12.45,10000
1589,2016-08-25 10:09:42,TRADE,12.45,200
1590,2016-08-25 10:09:42,BID,12.45,9800
1591,2016-08-25 10:09:43,BID,12.45,14800
1592,2016-08-25 10:09:44,BID,12.45,15300
1593,2016-08-25 10:09:44,BID,12.45,27300
1594,2016-08-25 10:09:44,TRADE,12.45,300
1595,2016-08-25 10:09:44,BID,12.45,27000
1596,2016-08-25 10:09:45,BID,12.45,26500
1597,2016-08-25 10:09:45,BID,12.45,24500
1598,2016-08-25 10:09:47,ASK,12.46,24200
1599,2016-08-25 10:09:48,ASK,12.46,24500
1600,2016-08-25 10:09:49,BID,12.45,25000
1601,2016-08-25 10:09:49,ASK,12.46,24000
1602,2016-08-25 10:09:50,ASK,12.46,24500
1603,2016-08-25 10:09:50,BID,12.45,24500
1604,2016-08-25 10:09:50,BID,12.45,24700
1605,2016-08-25 10:09:50,BID,12.45,24500
1606,2016-08-25 10:09:51,BID,12.45,30500
1607,2016-08-25 10:09:51,BID,12.45,31000
1608,2016-08-25 10:09:59,TRADE,12.45,2300
1609,2016-08-25 10:09:59,TRADE,12.45,4900
1610,2016-08-25 10:09:59,TRADE,12.45,300
1611,2016-08-25 10:09:59,TRADE,12.45,1500
1612,2016-08-25 10:09:59,BID,12.45,22000
1613,2016-08-25 10:10:00,BID,12.45,27000
1614,2016-08-25 10:10:00,TRADE,12.45,1000
1615,2016-08-25 10:10:00,BID,12.45,26000
1616,2016-08-25 10:10:00,TRADE,12.45,300
1617,2016-08-25 10:10:00,BID,12.45,25700
1618,2016-08-25 10:10:00,ASK,12.46,24400
1619,2016-08-25 10:10:01,BID,12.45,65700
1620,2016-08-25 10:10:01,ASK,12.46,23900
1621,2016-08-25 10:10:01,BID,12.45,66200
1622,2016-08-25 10:10:01,BID,12.45,65700
1623,2016-08-25 10:10:01,ASK,12.46,24400
1624,2016-08-25 10:10:02,BID,12.45,75700
1625,2016-08-25 10:10:02,BID,12.45,76200
1626,2016-08-25 10:10:02,ASK,12.46,23900
1627,2016-08-25 10:10:04,BID,12.45,77200
1628,2016-08-25 10:10:04,ASK,12.46,23500
1629,2016-08-25 10:10:04,ASK,12.46,24700
1630,2016-08-25 10:10:05,TRADE,12.45,100
1631,2016-08-25 10:10:05,BID,12.45,77100
1632,2016-08-25 10:10:05,ASK,12.46,25200
1633,2016-08-25 10:10:06,ASK,12.46,25300
1634,2016-08-25 10:10:06,BID,12.45,76600
1635,2016-08-25 10:10:10,TRADE,12.45,100
1636,2016-08-25 10:10:10,BID,12.45,76500
1637,2016-08-25 10:10:10,BID,12.45,71500
1638,2016-08-25 10:10:12,BID,12.45,74300
1639,2016-08-25 10:10:12,ASK,12.46,25400
1640,2016-08-25 10:10:12,ASK,12.46,31000
1641,2016-08-25 10:10:15,BID,12.45,74600
1642,2016-08-25 10:10:16,BID,12.45,75100
1643,2016-08-25 10:10:16,ASK,12.46,30500
1644,2016-08-25 10:10:17,ASK,12.46,12700
1645,2016-08-25 10:10:17,ASK,12.46,7700
1646,2016-08-25 10:10:17,TRADE,12.46,100
1647,2016-08-25 10:10:17,TRADE,12.46,100
1648,2016-08-25 10:10:17,TRADE,12.46,200
1649,2016-08-25 10:10:17,TRADE,12.46,300
1650,2016-08-25 10:10:17,TRADE,12.46,1200
1651,2016-08-25 10:10:17,TRADE,12.46,100
1652,2016-08-25 10:10:17,TRADE,12.46,100
1653,2016-08-25 10:10:17,TRADE,12.46,2900
1654,2016-08-25 10:10:17,ASK,12.46,2700
1655,2016-08-25 10:10:17,BID,12.45,75600
1656,2016-08-25 10:10:18,TRADE,12.46,500
1657,2016-08-25 10:10:18,BID,12.45,75100
1658,2016-08-25 10:10:18,ASK,12.46,2200
1659,2016-08-25 10:10:18,TRADE,12.46,2200
1660,2016-08-25 10:10:18,ASK,12.47,7100
1661,2016-08-25 10:10:18,BID,12.46,5000
1662,2016-08-25 10:10:18,BID,12.46,5300
1663,2016-08-25 10:10:18,BID,12.46,5600
1664,2016-08-25 10:10:18,BID,12.46,7800
1665,2016-08-25 10:10:18,BID,12.46,8200
1666,2016-08-25 10:10:18,BID,12.46,6000
1667,2016-08-25 10:10:18,BID,12.46,9000
1670,2016-08-25 10:10:18,BID,12.46,9500
1671,2016-08-25 10:10:18,TRADE,12.46,100
1672,2016-08-25 10:10:18,BID,12.46,9400
1673,2016-08-25 10:10:18,ASK,12.47,6600
1674,2016-08-25 10:10:18,BID,12.46,9900
1675,2016-08-25 10:10:18,ASK,12.47,7100
1676,2016-08-25 10:10:18,ASK,12.47,7900
1677,2016-08-25 10:10:18,ASK,12.47,6400
1678,2016-08-25 10:10:18,ASK,12.47,7200
1679,2016-08-25 10:10:18,BID,12.46,9400
1680,2016-08-25 10:10:18,BID,12.46,9100
1681,2016-08-25 10:10:18,BID,12.46,6100
1682,2016-08-25 10:10:18,BID,12.46,5700
1683,2016-08-25 10:10:18,ASK,12.47,10300
1684,2016-08-25 10:10:18,ASK,12.47,10400
1685,2016-08-25 10:10:20,ASK,12.47,11900
1686,2016-08-25 10:10:21,ASK,12.47,11800
1687,2016-08-25 10:10:22,BID,12.46,8700
1688,2016-08-25 10:10:25,BID,12.46,9000
1689,2016-08-25 10:10:27,BID,12.46,6000
1690,2016-08-25 10:10:29,ASK,12.47,12600
1691,2016-08-25 10:10:31,BID,12.46,1100
1692,2016-08-25 10:10:31,BID,12.46,800
1693,2016-08-25 10:10:32,BID,12.46,20800
1694,2016-08-25 10:10:33,BID,12.46,25800
1695,2016-08-25 10:10:36,ASK,12.47,13100
1696,2016-08-25 10:10:40,BID,12.46,27300
1697,2016-08-25 10:10:43,BID,12.46,40300
1698,2016-08-25 10:10:45,TRADE,12.46,500
1699,2016-08-25 10:10:45,TRADE,12.46,300
1700,2016-08-25 10:10:45,TRADE,12.46,17000
1701,2016-08-25 10:10:45,BID,12.46,22500
1702,2016-08-25 10:10:45,BID,12.46,17500
1703,2016-08-25 10:10:45,TRADE,12.46,3000
1704,2016-08-25 10:10:45,TRADE,12.46,1500
1705,2016-08-25 10:10:45,TRADE,12.46,13000
1706,2016-08-25 10:10:45,BID,12.45,89200
1707,2016-08-25 10:10:45,BID,12.45,84200
1708,2016-08-25 10:10:45,BID,12.46,3000
1711,2016-08-25 10:10:45,TRADE,12.47,2000
1712,2016-08-25 10:10:45,ASK,12.47,11100
1713,2016-08-25 10:10:45,ASK,12.47,12300
1714,2016-08-25 10:10:45,ASK,12.47,15100
1716,2016-08-25 10:10:46,ASK,12.47,15400
1717,2016-08-25 10:10:48,BID,12.46,8000
1718,2016-08-25 10:10:48,ASK,12.47,14900
1719,2016-08-25 10:10:48,BID,12.46,8500
1720,2016-08-25 10:10:49,ASK,12.47,15400
1721,2016-08-25 10:10:52,TRADE,12.47,3000
1722,2016-08-25 10:10:52,TRADE,12.47,800
1723,2016-08-25 10:10:52,TRADE,12.47,800
1724,2016-08-25 10:10:52,TRADE,12.47,3100
1725,2016-08-25 10:10:52,TRADE,12.47,100
1726,2016-08-25 10:10:52,TRADE,12.47,1000
1727,2016-08-25 10:10:52,ASK,12.47,6600
1728,2016-08-25 10:10:52,ASK,12.47,11600
1729,2016-08-25 10:10:52,ASK,12.47,11100
1730,2016-08-25 10:10:52,ASK,12.47,11600
1731,2016-08-25 10:10:52,ASK,12.47,13000
1732,2016-08-25 10:10:52,ASK,12.47,20600
1733,2016-08-25 10:10:53,TRADE,12.47,500
1734,2016-08-25 10:10:53,TRADE,12.47,800
1735,2016-08-25 10:10:53,TRADE,12.47,500
1736,2016-08-25 10:10:53,TRADE,12.47,1200
1737,2016-08-25 10:10:53,TRADE,12.47,2800
1738,2016-08-25 10:10:53,TRADE,12.47,300
1739,2016-08-25 10:10:53,TRADE,12.47,2900
1740,2016-08-25 10:10:53,ASK,12.47,11600
1741,2016-08-25 10:10:53,ASK,12.47,9500
1742,2016-08-25 10:10:53,ASK,12.47,9000
1743,2016-08-25 10:10:54,ASK,12.47,10600
1744,2016-08-25 10:10:54,ASK,12.47,13400
1745,2016-08-25 10:10:54,ASK,12.47,13900
1746,2016-08-25 10:10:54,ASK,12.47,14000
1747,2016-08-25 10:10:59,ASK,12.47,14500
1748,2016-08-25 10:11:03,BID,12.46,10400
1749,2016-08-25 10:11:06,TRADE,12.47,100
1750,2016-08-25 10:11:06,ASK,12.47,14400
1751,2016-08-25 10:11:06,BID,12.46,20400
1752,2016-08-25 10:11:07,ASK,12.47,18400
1755,2016-08-25 10:11:10,ASK,12.47,18600
1756,2016-08-25 10:11:11,TRADE,12.47,1000
1757,2016-08-25 10:11:11,ASK,12.47,17600
1758,2016-08-25 10:11:11,ASK,12.47,18800
1759,2016-08-25 10:11:17,ASK,12.47,16000
1760,2016-08-25 10:11:20,BID,12.46,21400
1761,2016-08-25 10:11:22,ASK,12.47,15500
1762,2016-08-25 10:11:22,TRADE,12.47,300
1763,2016-08-25 10:11:22,TRADE,12.47,7600
1764,2016-08-25 10:11:22,TRADE,12.47,1600
1765,2016-08-25 10:11:22,TRADE,12.47,100
1766,2016-08-25 10:11:22,TRADE,12.47,500
1767,2016-08-25 10:11:22,TRADE,12.47,4000
1768,2016-08-25 10:11:22,TRADE,12.47,200
1769,2016-08-25 10:11:22,TRADE,12.47,1200
1770,2016-08-25 10:11:22,BID,12.47,4500
1771,2016-08-25 10:11:22,ASK,12.48,17900
1772,2016-08-25 10:11:22,BID,12.47,9500
1773,2016-08-25 10:11:22,ASK,12.48,15800
1774,2016-08-25 10:11:22,BID,12.47,12300
1775,2016-08-25 10:11:22,BID,12.46,100
1776,2016-08-25 10:11:22,BID,12.47,12800
1777,2016-08-25 10:11:23,BID,12.47,13300
1778,2016-08-25 10:11:23,BID,12.47,12800
1779,2016-08-25 10:11:23,BID,12.47,13300
1780,2016-08-25 10:11:23,ASK,12.48,17500
1781,2016-08-25 10:11:23,ASK,12.48,18300
1782,2016-08-25 10:11:23,ASK,12.48,17800
1783,2016-08-25 10:11:23,ASK,12.48,17700
1784,2016-08-25 10:11:23,TRADE,12.47,4500
1785,2016-08-25 10:11:23,TRADE,12.47,5000
1786,2016-08-25 10:11:23,TRADE,12.47,2800
1787,2016-08-25 10:11:23,TRADE,12.47,500
1788,2016-08-25 10:11:23,TRADE,12.47,500
1789,2016-08-25 10:11:23,BID,12.46,23400
1790,2016-08-25 10:11:23,TRADE,12.46,5000
1791,2016-08-25 10:11:23,TRADE,12.46,500
1792,2016-08-25 10:11:23,TRADE,12.46,1200
1792,2016-08-25 10:11:23,BID,12.46,16700
1793,2016-08-25 10:11:23,BID,12.46,17200
1794,2016-08-25 10:11:23,ASK,12.47,300
1795,2016-08-25 10:11:23,BID,12.46,22200
1796,2016-08-25 10:11:23,BID,12.46,17200
1797,2016-08-25 10:11:23,TRADE,12.47,300
1798,2016-08-25 10:11:23,BID,12.47,2500
1799,2016-08-25 10:11:23,ASK,12.48,17700
1800,2016-08-25 10:11:23,ASK,12.48,18200
1801,2016-08-25 10:11:23,BID,12.46,19000
1802,2016-08-25 10:11:23,BID,12.46,16500
1803,2016-08-25 10:11:23,BID,12.47,2800
1805,2016-08-25 10:11:23,BID,12.46,19300
1806,2016-08-25 10:11:23,ASK,12.47,500
1807,2016-08-25 10:11:23,BID,12.46,22100
1808,2016-08-25 10:11:23,ASK,12.47,7300
1809,2016-08-25 10:11:23,ASK,12.47,6800
1810,2016-08-25 10:11:23,ASK,12.47,11800
1811,2016-08-25 10:11:23,ASK,12.47,12100
1812,2016-08-25 10:11:25,ASK,12.47,14100
1813,2016-08-25 10:11:26,TRADE,12.47,6800
1814,2016-08-25 10:11:26,TRADE,12.47,5000
1815,2016-08-25 10:11:26,TRADE,12.47,300
1816,2016-08-25 10:11:26,TRADE,12.47,2000
1817,2016-08-25 10:11:26,BID,12.47,20900
1818,2016-08-25 10:11:26,ASK,12.48,23000
1819,2016-08-25 10:11:26,BID,12.47,25900
1820,2016-08-25 10:11:26,BID,12.47,26400
1821,2016-08-25 10:11:26,BID,12.47,26900
1822,2016-08-25 10:11:26,BID,12.46,100
1823,2016-08-25 10:11:26,BID,12.47,26400
1824,2016-08-25 10:11:26,BID,12.47,26900
1825,2016-08-25 10:11:26,BID,12.47,26400
1826,2016-08-25 10:11:26,ASK,12.48,24300
1827,2016-08-25 10:11:27,ASK,12.48,24400
1828,2016-08-25 10:11:28,BID,12.47,38400
1829,2016-08-25 10:11:29,BID,12.47,42600
1830,2016-08-25 10:11:29,ASK,12.48,22900
1831,2016-08-25 10:11:29,BID,12.47,43100
1832,2016-08-25 10:11:30,ASK,12.48,22400
1833,2016-08-25 10:11:31,ASK,12.48,17400
1834,2016-08-25 10:11:31,ASK,12.48,14900
1835,2016-08-25 10:11:31,TRADE,12.48,1300
1836,2016-08-25 10:11:31,ASK,12.48,13600
1837,2016-08-25 10:11:31,TRADE,12.48,1900
1838,2016-08-25 10:11:31,TRADE,12.48,3100
1839,2016-08-25 10:11:31,ASK,12.48,8600
1840,2016-08-25 10:11:31,BID,12.47,48100
1841,2016-08-25 10:11:32,ASK,12.48,8700
1842,2016-08-25 10:11:34,BID,12.47,49000
1843,2016-08-25 10:11:35,ASK,12.48,9500
1844,2016-08-25 10:11:37,BID,12.47,49100
1845,2016-08-25 10:11:38,TRADE,12.47,15500
1846,2016-08-25 10:11:38,BID,12.47,33600
1847,2016-08-25 10:11:38,BID,12.47,28600
1848,2016-08-25 10:11:38,ASK,12.48,14500
1849,2016-08-25 10:11:38,ASK,12.48,15000
1850,2016-08-25 10:11:38,TRADE,12.47,1200
1851,2016-08-25 10:11:38,BID,12.47,27400
1852,2016-08-25 10:11:38,ASK,12.48,15100
1853,2016-08-25 10:11:38,TRADE,12.48,2400
1854,2016-08-25 10:11:38,TRADE,12.48,1700
1855,2016-08-25 10:11:38,TRADE,12.48,800
1856,2016-08-25 10:11:38,TRADE,12.48,1100
1857,2016-08-25 10:11:38,ASK,12.48,9100
1858,2016-08-25 10:11:38,ASK,12.48,8600
1859,2016-08-25 10:11:39,ASK,12.48,11700
1860,2016-08-25 10:11:42,ASK,12.48,12200
1861,2016-08-25 10:11:42,TRADE,12.48,1200
1862,2016-08-25 10:11:42,ASK,12.48,11000
1863,2016-08-25 10:11:42,BID,12.47,29800
1864,2016-08-25 10:11:42,BID,12.47,29900
1865,2016-08-25 10:11:42,ASK,12.48,10500
1866,2016-08-25 10:11:42,BID,12.47,31100
1867,2016-08-25 10:11:43,TRADE,12.48,1200
1868,2016-08-25 10:11:43,ASK,12.48,9300
1869,2016-08-25 10:11:43,ASK,12.48,4300
1870,2016-08-25 10:11:43,TRADE,12.48,100
1871,2016-08-25 10:11:43,TRADE,12.48,100
1872,2016-08-25 10:11:43,TRADE,12.48,100
1873,2016-08-25 10:11:43,TRADE,12.48,800
1874,2016-08-25 10:11:43,TRADE,12.48,100
1875,2016-08-25 10:11:43,TRADE,12.48,3100
1876,2016-08-25 10:11:43,BID,12.48,700
1877,2016-08-25 10:11:43,ASK,12.49,37900
1878,2016-08-25 10:11:43,BID,12.48,4300
1879,2016-08-25 10:11:43,BID,12.48,3600
1880,2016-08-25 10:11:43,BID,12.48,3900
1881,2016-08-25 10:11:43,TRADE,12.49,300
1882,2016-08-25 10:11:43,TRADE,12.49,200
1883,2016-08-25 10:11:43,ASK,12.49,37400
1884,2016-08-25 10:11:43,BID,12.48,6700
1890,2016-08-25 10:11:43,BID,12.48,10100
1891,2016-08-25 10:11:43,BID,12.48,9800
1892,2016-08-25 10:11:43,ASK,12.49,37700
1893,2016-08-25 10:11:43,ASK,12.49,37600
1894,2016-08-25 10:11:43,TRADE,12.49,1100
1895,2016-08-25 10:11:43,ASK,12.49,36500
1896,2016-08-25 10:11:43,ASK,12.49,37000
1897,2016-08-25 10:11:43,BID,12.48,9900
1898,2016-08-25 10:11:43,BID,12.48,10400
1899,2016-08-25 10:11:43,BID,12.48,9900
1900,2016-08-25 10:11:44,BID,12.48,9800
1901,2016-08-25 10:11:44,BID,12.48,9900
1902,2016-08-25 10:11:44,BID,12.48,10300
1903,2016-08-25 10:11:44,BID,12.48,10200
1904,2016-08-25 10:11:44,BID,12.48,9800
1905,2016-08-25 10:11:44,BID,12.48,6200
1906,2016-08-25 10:11:44,ASK,12.49,37100
1907,2016-08-25 10:11:44,BID,12.48,6300
1908,2016-08-25 10:11:44,BID,12.48,6700
1909,2016-08-25 10:11:44,BID,12.48,9500
1910,2016-08-25 10:11:44,BID,12.48,9400
1911,2016-08-25 10:11:44,BID,12.48,9000
1912,2016-08-25 10:11:44,BID,12.48,6200
1913,2016-08-25 10:11:44,BID,12.48,2800
1914,2016-08-25 10:11:44,BID,12.47,37700
1915,2016-08-25 10:11:44,BID,12.47,37200
1916,2016-08-25 10:11:44,BID,12.47,35300
1917,2016-08-25 10:11:44,ASK,12.48,300
1918,2016-08-25 10:11:44,ASK,12.48,5300
1919,2016-08-25 10:11:44,BID,12.47,30300
1920,2016-08-25 10:11:44,ASK,12.48,5800
1921,2016-08-25 10:11:44,BID,12.47,27500
1922,2016-08-25 10:11:44,ASK,12.48,6200
1923,2016-08-25 10:11:44,BID,12.47,30300
1924,2016-08-25 10:11:44,BID,12.47,27500
1925,2016-08-25 10:11:44,BID,12.47,27000
1926,2016-08-25 10:11:44,ASK,12.48,5800
1927,2016-08-25 10:11:44,BID,12.47,29800
1928,2016-08-25 10:11:44,BID,12.47,30300
1929,2016-08-25 10:11:44,ASK,12.48,5300
1930,2016-08-25 10:11:44,ASK,12.48,5000
1931,2016-08-25 10:11:44,ASK,12.49,37100
1932,2016-08-25 10:11:45,ASK,12.49,35600
1933,2016-08-25 10:11:45,BID,12.47,29400
1934,2016-08-25 10:11:45,ASK,12.49,41900
1935,2016-08-25 10:11:47,BID,12.47,26600
1936,2016-08-25 10:11:48,ASK,12.48,5000
1937,2016-08-25 10:11:48,ASK,12.48,5300
1938,2016-08-25 10:11:48,ASK,12.48,10800
1939,2016-08-25 10:11:49,ASK,12.48,10900
1940,2016-08-25 10:11:49,BID,12.47,27500
1941,2016-08-25 10:11:50,ASK,12.48,11300
1942,2016-08-25 10:11:50,ASK,12.48,11800
1943,2016-08-25 10:11:50,BID,12.47,27000
1944,2016-08-25 10:11:50,BID,12.47,26500
1945,2016-08-25 10:11:50,BID,12.47,23000
1946,2016-08-25 10:11:50,ASK,12.48,12700
1947,2016-08-25 10:11:51,BID,12.47,23500
1948,2016-08-25 10:11:51,TRADE,12.48,500
1949,2016-08-25 10:11:51,ASK,12.48,12200
1950,2016-08-25 10:11:51,ASK,12.48,11700
1951,2016-08-25 10:11:53,BID,12.47,23900
1952,2016-08-25 10:11:53,TRADE,12.47,600
1953,2016-08-25 10:11:53,BID,12.47,23300
1954,2016-08-25 10:11:53,TRADE,12.48,4500
1955,2016-08-25 10:11:53,TRADE,12.48,300
1956,2016-08-25 10:11:53,TRADE,12.48,1200
1957,2016-08-25 10:11:53,ASK,12.48,5700
1958,2016-08-25 10:11:53,ASK,12.48,6000
1959,2016-08-25 10:11:53,ASK,12.48,6100
1960,2016-08-25 10:11:53,BID,12.47,28300
1961,2016-08-25 10:11:53,ASK,12.48,6900
1962,2016-08-25 10:11:53,ASK,12.48,9800
1963,2016-08-25 10:11:53,ASK,12.48,6900
1964,2016-08-25 10:11:53,ASK,12.48,6800
1965,2016-08-25 10:11:54,ASK,12.48,11800
1966,2016-08-25 10:11:54,BID,12.47,31900
1967,2016-08-25 10:11:54,ASK,12.48,20600
1968,2016-08-25 10:11:54,BID,12.47,26900
1969,2016-08-25 10:11:54,ASK,12.48,21100
1970,2016-08-25 10:11:54,BID,12.47,23300
1971,2016-08-25 10:11:55,ASK,12.48,20600
1972,2016-08-25 10:11:55,TRADE,12.48,2300
1973,2016-08-25 10:11:55,ASK,12.48,18300
1974,2016-08-25 10:11:55,ASK,12.48,18800
1975,2016-08-25 10:11:55,BID,12.47,22800
1976,2016-08-25 10:11:55,BID,12.47,22400
1977,2016-08-25 10:11:55,ASK,12.48,16900
1978,2016-08-25 10:11:57,BID,12.47,22800
1979,2016-08-25 10:11:57,BID,12.47,22400
1980,2016-08-25 10:11:57,BID,12.47,22900
1981,2016-08-25 10:11:58,TRADE,12.48,100
1982,2016-08-25 10:11:58,ASK,12.48,16800
1983,2016-08-25 10:12:00,TRADE,12.48,100
1984,2016-08-25 10:12:00,BID,12.47,22800
1985,2016-08-25 10:12:00,ASK,12.48,16700
1986,2016-08-25 10:12:00,ASK,12.48,16200
1987,2016-08-25 10:12:00,BID,12.47,23200
1988,2016-08-25 10:12:00,BID,12.47,22800
1989,2016-08-25 10:12:00,ASK,12.48,16700
1990,2016-08-25 10:12:01,BID,12.47,22300
1991,2016-08-25 10:12:01,BID,12.47,22200
1992,2016-08-25 10:12:01,BID,12.47,21800
1993,2016-08-25 10:12:01,BID,12.47,21100
1994,2016-08-25 10:12:01,BID,12.47,16100
1995,2016-08-25 10:12:01,ASK,12.48,19300
1996,2016-08-25 10:12:01,ASK,12.48,20800
1997,2016-08-25 10:12:01,ASK,12.48,24700
1998,2016-08-25 10:12:02,BID,12.47,16500
1999,2016-08-25 10:12:02,BID,12.47,19500
2000,2016-08-25 10:12:02,ASK,12.48,28700
2001,2016-08-25 10:12:03,TRADE,12.48,300
2002,2016-08-25 10:12:03,TRADE,12.48,400
2003,2016-08-25 10:12:03,ASK,12.48,28000
2004,2016-08-25 10:12:03,ASK,12.48,28900
2005,2016-08-25 10:12:04,BID,12.47,24500
2006,2016-08-25 10:12:04,BID,12.47,24600
2007,2016-08-25 10:12:04,BID,12.47,25000
2008,2016-08-25 10:12:04,BID,12.47,24900
2009,2016-08-25 10:12:04,BID,12.47,24500
2010,2016-08-25 10:12:04,BID,12.47,24600
2011,2016-08-25 10:12:04,BID,12.47,25000
2012,2016-08-25 10:12:04,BID,12.47,24900
2013,2016-08-25 10:12:04,BID,12.47,24500
2014,2016-08-25 10:12:08,BID,12.47,24600
2015,2016-08-25 10:12:08,BID,12.47,25000
2016,2016-08-25 10:12:09,BID,12.47,24900
2017,2016-08-25 10:12:09,BID,12.47,24500
2018,2016-08-25 10:12:09,BID,12.47,24600
2019,2016-08-25 10:12:09,BID,12.47,25000
2020,2016-08-25 10:12:09,BID,12.47,13000
2021,2016-08-25 10:12:09,BID,12.47,13400
2022,2016-08-25 10:12:10,BID,12.47,13000
2023,2016-08-25 10:12:10,BID,12.47,13400
2024,2016-08-25 10:12:10,ASK,12.48,33100
2025,2016-08-25 10:12:10,BID,12.47,13000
2026,2016-08-25 10:12:10,BID,12.47,12900
2027,2016-08-25 10:12:10,BID,12.47,12500
2028,2016-08-25 10:12:10,ASK,12.48,29200
2029,2016-08-25 10:12:10,TRADE,12.47,2000
2030,2016-08-25 10:12:10,BID,12.47,10500
2031,2016-08-25 10:12:11,TRADE,12.47,1000
2032,2016-08-25 10:12:11,BID,12.47,9500
2033,2016-08-25 10:12:15,BID,12.47,4500
2034,2016-08-25 10:12:15,BID,12.47,9500
2035,2016-08-25 10:12:15,TRADE,12.48,500
2036,2016-08-25 10:12:15,TRADE,12.48,300
2037,2016-08-25 10:12:15,TRADE,12.48,100
2038,2016-08-25 10:12:15,TRADE,12.48,300
2039,2016-08-25 10:12:15,ASK,12.48,28000
2040,2016-08-25 10:12:15,TRADE,12.48,500
2041,2016-08-25 10:12:15,TRADE,12.48,700
2042,2016-08-25 10:12:15,ASK,12.48,26800
2043,2016-08-25 10:12:15,ASK,12.48,24200
2044,2016-08-25 10:12:15,TRADE,12.48,1200
2045,2016-08-25 10:12:15,ASK,12.48,23000
2046,2016-08-25 10:12:15,BID,12.47,12200
2047,2016-08-25 10:12:15,BID,12.47,12300
2048,2016-08-25 10:12:15,BID,12.47,12700
2049,2016-08-25 10:12:15,BID,12.47,12900
2050,2016-08-25 10:12:15,ASK,12.48,23800
2051,2016-08-25 10:12:16,ASK,12.48,20700
2052,2016-08-25 10:12:17,TRADE,12.48,500
2053,2016-08-25 10:12:17,ASK,12.48,20200
2054,2016-08-25 10:12:17,BID,12.47,13400
2055,2016-08-25 10:12:17,BID,12.47,19500
2056,2016-08-25 10:12:17,ASK,12.48,19700
2057,2016-08-25 10:12:17,BID,12.47,19000
2058,2016-08-25 10:12:17,ASK,12.48,20200
2059,2016-08-25 10:12:17,ASK,12.48,19700
2060,2016-08-25 10:12:17,BID,12.47,19500
2061,2016-08-25 10:12:17,BID,12.47,19000
2062,2016-08-25 10:12:17,ASK,12.48,20200
2063,2016-08-25 10:12:17,ASK,12.48,21100
2064,2016-08-25 10:12:17,ASK,12.48,22900
2065,2016-08-25 10:12:17,ASK,12.48,27900
2066,2016-08-25 10:12:18,ASK,12.48,22900
2067,2016-08-25 10:12:18,BID,12.47,19500
2068,2016-08-25 10:12:18,TRADE,12.48,1200
2069,2016-08-25 10:12:18,ASK,12.48,21700
2070,2016-08-25 10:12:18,TRADE,12.48,1200
2071,2016-08-25 10:12:18,ASK,12.48,20500
2072,2016-08-25 10:12:18,TRADE,12.48,5900
2073,2016-08-25 10:12:18,TRADE,12.48,1500
2074,2016-08-25 10:12:18,TRADE,12.48,4000
2075,2016-08-25 10:12:18,TRADE,12.48,900
2076,2016-08-25 10:12:18,TRADE,12.48,4200
2077,2016-08-25 10:12:18,TRADE,12.48,800
2078,2016-08-25 10:12:18,TRADE,12.48,500
2079,2016-08-25 10:12:18,TRADE,12.48,900
2080,2016-08-25 10:12:18,TRADE,12.48,1800
2081,2016-08-25 10:12:18,ASK,12.49,42800
2082,2016-08-25 10:12:18,BID,12.48,5000
2083,2016-08-25 10:12:18,BID,12.48,5300
2084,2016-08-25 10:12:18,ASK,12.49,39800
2085,2016-08-25 10:12:18,ASK,12.49,38300
2086,2016-08-25 10:12:18,BID,12.48,8000
2087,2016-08-25 10:12:18,BID,12.48,8100
2088,2016-08-25 10:12:18,BID,12.48,8200
2089,2016-08-25 10:12:18,BID,12.48,5500
2090,2016-08-25 10:12:18,BID,12.48,5200
2091,2016-08-25 10:12:18,BID,12.48,5100
2092,2016-08-25 10:12:18,BID,12.48,5000
2093,2016-08-25 10:12:18,BID,12.48,7700
2094,2016-08-25 10:12:18,TRADE,12.48,1800
2095,2016-08-25 10:12:18,BID,12.48,5900
2096,2016-08-25 10:12:18,TRADE,12.48,100
2097,2016-08-25 10:12:18,BID,12.48,5800
2098,2016-08-25 10:12:18,ASK,12.49,39200
2099,2016-08-25 10:12:18,ASK,12.49,39100
2100,2016-08-25 10:12:18,ASK,12.49,39300
2101,2016-08-25 10:12:18,TRADE,12.48,2000
2102,2016-08-25 10:12:18,BID,12.48,3800
2103,2016-08-25 10:12:18,ASK,12.49,37800
2104,2016-08-25 10:12:19,ASK,12.49,37900
2105,2016-08-25 10:12:19,ASK,12.49,38000
2106,2016-08-25 10:12:19,BID,12.48,1100
2107,2016-08-25 10:12:19,TRADE,12.48,1000
2108,2016-08-25 10:12:19,BID,12.48,100
2109,2016-08-25 10:12:20,BID,12.47,21900
2110,2016-08-25 10:12:20,BID,12.47,24600
2111,2016-08-25 10:12:20,ASK,12.48,400
2112,2016-08-25 10:12:20,TRADE,12.48,400
2113,2016-08-25 10:12:20,ASK,12.49,38000
2114,2016-08-25 10:12:20,ASK,12.48,400
2115,2016-08-25 10:12:20,ASK,12.48,600
2116,2016-08-25 10:12:20,ASK,12.48,700
2117,2016-08-25 10:12:20,BID,12.47,24100
2118,2016-08-25 10:12:20,ASK,12.48,1200
2119,2016-08-25 10:12:20,ASK,12.48,7000
2120,2016-08-25 10:12:21,BID,12.47,24600
2121,2016-08-25 10:12:21,ASK,12.48,7200
2122,2016-08-25 10:12:21,ASK,12.48,8500
2123,2016-08-25 10:12:22,ASK,12.48,13500
2124,2016-08-25 10:12:22,BID,12.47,19600
2125,2016-08-25 10:12:22,BID,12.47,16900
2126,2016-08-25 10:12:22,BID,12.47,19600
2127,2016-08-25 10:12:22,BID,12.47,16900
2128,2016-08-25 10:12:22,BID,12.47,13300
2129,2016-08-25 10:12:22,BID,12.47,12800
2130,2016-08-25 10:12:22,BID,12.47,12300
2131,2016-08-25 10:12:22,TRADE,12.48,400
2132,2016-08-25 10:12:22,TRADE,12.48,100
2133,2016-08-25 10:12:22,ASK,12.48,13000
2134,2016-08-25 10:12:22,TRADE,12.48,100
2135,2016-08-25 10:12:22,BID,12.47,12200
2136,2016-08-25 10:12:22,ASK,12.48,12900
2137,2016-08-25 10:12:22,TRADE,12.48,100
2138,2016-08-25 10:12:22,BID,12.47,12100
2139,2016-08-25 10:12:22,ASK,12.48,12800
2140,2016-08-25 10:12:22,TRADE,12.48,100
2141,2016-08-25 10:12:22,BID,12.47,9500
2142,2016-08-25 10:12:22,ASK,12.48,12700
2143,2016-08-25 10:12:22,BID,12.47,10000
2144,2016-08-25 10:12:22,BID,12.47,12700
2145,2016-08-25 10:12:22,BID,12.47,19400
2146,2016-08-25 10:12:22,ASK,12.48,7700
2147,2016-08-25 10:12:22,BID,12.47,19900
2148,2016-08-25 10:12:22,ASK,12.48,7300
2149,2016-08-25 10:12:22,BID,12.47,19400
2150,2016-08-25 10:12:22,BID,12.47,19900
2151,2016-08-25 10:12:22,BID,12.47,19400
2152,2016-08-25 10:12:23,BID,12.47,19900
2153,2016-08-25 10:12:23,TRADE,12.48,5000
2154,2016-08-25 10:12:23,ASK,12.48,2300
2155,2016-08-25 10:12:23,TRADE,12.48,800
2156,2016-08-25 10:12:23,TRADE,12.48,200
2157,2016-08-25 10:12:23,TRADE,12.48,1300
2158,2016-08-25 10:12:23,ASK,12.49,36700
2159,2016-08-25 10:12:23,ASK,12.48,500
2160,2016-08-25 10:12:23,BID,12.47,24900
2161,2016-08-25 10:12:24,ASK,12.49,40100
2162,2016-08-25 10:12:24,ASK,12.48,500
2163,2016-08-25 10:12:24,BID,12.47,24400
2164,2016-08-25 10:12:24,ASK,12.49,40100
2165,2016-08-25 10:12:24,BID,12.47,24900
2166,2016-08-25 10:12:24,ASK,12.49,40000
2167,2016-08-25 10:12:24,ASK,12.49,39900
2168,2016-08-25 10:12:24,ASK,12.49,39200
2169,2016-08-25 10:12:24,ASK,12.48,500
2170,2016-08-25 10:12:24,BID,12.47,24400
2171,2016-08-25 10:12:24,ASK,12.49,39200
2172,2016-08-25 10:12:24,BID,12.47,24900
2173,2016-08-25 10:12:24,BID,12.47,26900
2174,2016-08-25 10:12:24,ASK,12.49,39400
2175,2016-08-25 10:12:24,ASK,12.49,40100
2176,2016-08-25 10:12:25,BID,12.47,28300
2177,2016-08-25 10:12:26,BID,12.48,5000
2178,2016-08-25 10:12:27,ASK,12.49,40300
2179,2016-08-25 10:12:28,ASK,12.49,37800
2180,2016-08-25 10:12:28,TRADE,12.48,1200
2181,2016-08-25 10:12:28,BID,12.48,3800
2182,2016-08-25 10:12:28,BID,12.48,6500
2183,2016-08-25 10:12:28,BID,12.48,3800
2184,2016-08-25 10:12:29,BID,12.48,6500
2185,2016-08-25 10:12:30,TRADE,12.48,2500
2186,2016-08-25 10:12:30,BID,12.48,4000
2187,2016-08-25 10:12:30,BID,12.48,2700
2188,2016-08-25 10:12:30,BID,12.47,34500
2189,2016-08-25 10:12:31,ASK,12.48,500
2190,2016-08-25 10:12:31,BID,12.47,34000
2191,2016-08-25 10:12:31,TRADE,12.48,100
2192,2016-08-25 10:12:31,ASK,12.48,400
2193,2016-08-25 10:12:31,ASK,12.49,37800
2194,2016-08-25 10:12:31,ASK,12.48,500
2195,2016-08-25 10:12:31,ASK,12.49,37800
2196,2016-08-25 10:12:31,ASK,12.48,500
2197,2016-08-25 10:12:31,ASK,12.48,600
2198,2016-08-25 10:12:31,ASK,12.48,1800
2199,2016-08-25 10:12:31,ASK,12.48,2400
2200,2016-08-25 10:12:31,BID,12.47,33500
2201,2016-08-25 10:12:31,ASK,12.48,1900
2202,2016-08-25 10:12:31,BID,12.47,34000
2203,2016-08-25 10:12:33,ASK,12.48,2200
2204,2016-08-25 10:12:33,ASK,12.48,7200
2205,2016-08-25 10:12:33,ASK,12.48,7700
2206,2016-08-25 10:12:33,ASK,12.48,9500
2207,2016-08-25 10:12:35,BID,12.47,31700
2208,2016-08-25 10:12:35,BID,12.47,31200
2209,2016-08-25 10:12:35,BID,12.47,30400
2210,2016-08-25 10:12:35,BID,12.47,29900
2211,2016-08-25 10:12:35,TRADE,12.48,100
2212,2016-08-25 10:12:35,TRADE,12.48,1200
2213,2016-08-25 10:12:35,TRADE,12.48,600
2214,2016-08-25 10:12:35,TRADE,12.48,300
2215,2016-08-25 10:12:35,TRADE,12.48,5000
2216,2016-08-25 10:12:35,TRADE,12.48,500
2217,2016-08-25 10:12:35,TRADE,12.48,1800
2218,2016-08-25 10:12:35,BID,12.48,500
2219,2016-08-25 10:12:35,ASK,12.49,38200
2220,2016-08-25 10:12:35,TRADE,12.48,500
2221,2016-08-25 10:12:35,BID,12.47,29900
2222,2016-08-25 10:12:35,BID,12.48,1300
2223,2016-08-25 10:12:35,BID,12.47,29900
2224,2016-08-25 10:12:35,ASK,12.48,5000
2225,2016-08-25 10:12:35,ASK,12.48,5300
2226,2016-08-25 10:12:35,BID,12.47,25500
2227,2016-08-25 10:12:35,BID,12.47,26000
2228,2016-08-25 10:12:35,BID,12.47,26400
2229,2016-08-25 10:12:36,BID,12.47,26000
2230,2016-08-25 10:12:37,TRADE,12.47,100
2231,2016-08-25 10:12:37,BID,12.47,25900
2232,2016-08-25 10:12:37,BID,12.47,26300
2233,2016-08-25 10:12:37,BID,12.47,26400
2234,2016-08-25 10:12:37,BID,12.47,26300
2235,2016-08-25 10:12:37,BID,12.47,25900
2236,2016-08-25 10:12:37,BID,12.47,25800
2237,2016-08-25 10:12:39,ASK,12.48,6700
2238,2016-08-25 10:12:41,BID,12.47,26200
2239,2016-08-25 10:12:41,BID,12.47,26300
2240,2016-08-25 10:12:41,BID,12.47,25900
2241,2016-08-25 10:12:41,BID,12.47,25800
2242,2016-08-25 10:12:44,ASK,12.48,7700
2243,2016-08-25 10:12:46,ASK,12.48,12700
2244,2016-08-25 10:12:46,BID,12.47,20800
2245,2016-08-25 10:12:47,ASK,12.48,17700
2246,2016-08-25 10:12:47,BID,12.47,20300
2248,2016-08-25 10:12:51,TRADE,12.48,500
2249,2016-08-25 10:12:51,ASK,12.48,17200
2250,2016-08-25 10:12:55,BID,12.47,20700
2251,2016-08-25 10:12:55,BID,12.47,20800
2252,2016-08-25 10:12:55,BID,12.47,21500
2253,2016-08-25 10:12:55,BID,12.47,21100
2254,2016-08-25 10:12:55,BID,12.47,21000
2255,2016-08-25 10:12:55,BID,12.47,20300
2256,2016-08-25 10:12:55,BID,12.47,20700
2257,2016-08-25 10:12:55,BID,12.47,20800
2258,2016-08-25 10:12:55,BID,12.47,20400
2259,2016-08-25 10:12:55,BID,12.47,20300
2260,2016-08-25 10:12:57,BID,12.47,20400
2261,2016-08-25 10:12:58,ASK,12.48,12200
2262,2016-08-25 10:13:00,TRADE,12.48,400
2263,2016-08-25 10:13:00,ASK,12.48,11800
2264,2016-08-25 10:13:00,ASK,12.48,7700
2265,2016-08-25 10:13:00,BID,12.47,20900
2266,2016-08-25 10:13:00,TRADE,12.48,300
2267,2016-08-25 10:13:00,TRADE,12.48,1000
2268,2016-08-25 10:13:00,ASK,12.48,6400
2269,2016-08-25 10:13:00,TRADE,12.48,400
2270,2016-08-25 10:13:00,TRADE,12.48,1000
2271,2016-08-25 10:13:00,TRADE,12.48,5000
2272,2016-08-25 10:13:00,ASK,12.49,41400
2273,2016-08-25 10:13:00,BID,12.48,5000
2274,2016-08-25 10:13:00,BID,12.48,10000
2275,2016-08-25 10:13:00,BID,12.48,5000
2276,2016-08-25 10:13:00,ASK,12.49,40400
2277,2016-08-25 10:13:00,ASK,12.49,39900
2278,2016-08-25 10:13:00,ASK,12.49,40900
2279,2016-08-25 10:13:00,TRADE,12.48,600
2280,2016-08-25 10:13:00,BID,12.48,4400
2281,2016-08-25 10:13:01,ASK,12.49,41000
2282,2016-08-25 10:13:01,BID,12.47,30100
2283,2016-08-25 10:13:01,ASK,12.49,41700
2284,2016-08-25 10:13:02,BID,12.48,300
2285,2016-08-25 10:13:02,TRADE,12.48,300
2286,2016-08-25 10:13:02,BID,12.47,30100
2287,2016-08-25 10:13:02,TRADE,12.47,500
2288,2016-08-25 10:13:02,TRADE,12.47,500
2289,2016-08-25 10:13:02,TRADE,12.47,400
2290,2016-08-25 10:13:02,TRADE,12.47,300
2290,2016-08-25 10:13:02,BID,12.47,28400
2291,2016-08-25 10:13:02,BID,12.47,23400
2292,2016-08-25 10:13:02,BID,12.47,22900
2293,2016-08-25 10:13:02,ASK,12.49,41600
2294,2016-08-25 10:13:03,ASK,12.48,5000
2295,2016-08-25 10:13:03,ASK,12.48,5300
2296,2016-08-25 10:13:03,BID,12.47,18700
2297,2016-08-25 10:13:04,ASK,12.48,5400
2298,2016-08-25 10:13:04,ASK,12.48,7600
2299,2016-08-25 10:13:04,ASK,12.48,9700
2300,2016-08-25 10:13:04,ASK,12.48,10800
2301,2016-08-25 10:13:05,BID,12.47,13700
2302,2016-08-25 10:13:08,ASK,12.48,15800
2303,2016-08-25 10:13:08,ASK,12.48,18300
2304,2016-08-25 10:13:11,BID,12.47,15700
2305,2016-08-25 10:13:12,TRADE,12.48,100
2306,2016-08-25 10:13:12,ASK,12.48,18200
2307,2016-08-25 10:13:14,TRADE,12.47,1000
2308,2016-08-25 10:13:14,BID,12.47,14700
2309,2016-08-25 10:13:14,ASK,12.48,19700
2310,2016-08-25 10:13:14,ASK,12.48,19900
2311,2016-08-25 10:13:26,TRADE,12.48,4500
2312,2016-08-25 10:13:26,ASK,12.48,15400
2313,2016-08-25 10:13:26,BID,12.47,19700
2314,2016-08-25 10:13:26,ASK,12.48,15500
2315,2016-08-25 10:13:30,BID,12.47,14700
2316,2016-08-25 10:13:32,BID,12.47,19700
2317,2016-08-25 10:13:34,TRADE,12.47,1700
2318,2016-08-25 10:13:34,TRADE,12.47,800
2319,2016-08-25 10:13:34,BID,12.47,17200
2320,2016-08-25 10:13:34,BID,12.47,12200
2321,2016-08-25 10:13:35,ASK,12.48,22600
2322,2016-08-25 10:13:35,ASK,12.48,24700
2323,2016-08-25 10:13:35,TRADE,12.48,400
2324,2016-08-25 10:13:35,TRADE,12.48,300
2325,2016-08-25 10:13:35,TRADE,12.48,100
2326,2016-08-25 10:13:35,TRADE,12.48,1700
2327,2016-08-25 10:13:35,ASK,12.48,22200
2328,2016-08-25 10:13:35,ASK,12.48,25500
2329,2016-08-25 10:13:36,TRADE,12.47,1200
2330,2016-08-25 10:13:36,TRADE,12.47,2900
2331,2016-08-25 10:13:36,TRADE,12.47,900
2332,2016-08-25 10:13:36,BID,12.47,7200
2333,2016-08-25 10:13:36,TRADE,12.47,100
2334,2016-08-25 10:13:36,TRADE,12.47,5000
2335,2016-08-25 10:13:36,TRADE,12.47,100
2336,2016-08-25 10:13:36,TRADE,12.47,2000
2337,2016-08-25 10:13:36,BID,12.46,15500
2338,2016-08-25 10:13:36,ASK,12.47,5000
2339,2016-08-25 10:13:36,ASK,12.47,5300
2340,2016-08-25 10:13:36,BID,12.46,16000
2341,2016-08-25 10:13:36,BID,12.46,16500
2342,2016-08-25 10:13:36,BID,12.46,17000
2343,2016-08-25 10:13:36,BID,12.46,17500
2345,2016-08-25 10:13:36,BID,12.46,18000
2346,2016-08-25 10:13:36,ASK,12.47,300
2347,2016-08-25 10:13:36,BID,12.46,18500
2348,2016-08-25 10:13:36,BID,12.46,18000
2349,2016-08-25 10:13:36,BID,12.46,17500
2350,2016-08-25 10:13:36,BID,12.46,17000
2351,2016-08-25 10:13:36,ASK,12.48,24000
2352,2016-08-25 10:13:36,ASK,12.48,23000
2353,2016-08-25 10:13:36,BID,12.46,17500
2354,2016-08-25 10:13:36,BID,12.47,400
2356,2016-08-25 10:13:36,ASK,12.48,25300
2357,2016-08-25 10:13:36,TRADE,12.47,400
2358,2016-08-25 10:13:36,BID,12.46,17500
2360,2016-08-25 10:13:36,ASK,12.48,25400
2361,2016-08-25 10:13:37,ASK,12.48,28400
2364,2016-08-25 10:13:38,ASK,12.47,1200
2365,2016-08-25 10:13:39,ASK,12.47,1300
2366,2016-08-25 10:13:39,ASK,12.47,1400
2367,2016-08-25 10:13:39,BID,12.46,17000
2368,2016-08-25 10:13:39,ASK,12.47,6400
2369,2016-08-25 10:13:39,ASK,12.47,9300
2370,2016-08-25 10:13:39,ASK,12.47,13700
2371,2016-08-25 10:13:39,BID,12.46,16500
2372,2016-08-25 10:13:39,BID,12.46,16400
2373,2016-08-25 10:13:39,ASK,12.47,18400
2374,2016-08-25 10:13:40,BID,12.46,16900
2375,2016-08-25 10:13:41,ASK,12.47,28400
2376,2016-08-25 10:13:41,TRADE,12.46,1000
2377,2016-08-25 10:13:41,TRADE,12.46,1300
2378,2016-08-25 10:13:41,BID,12.46,14600
2379,2016-08-25 10:13:41,BID,12.46,12700
2380,2016-08-25 10:13:42,TRADE,12.46,1200
2381,2016-08-25 10:13:42,BID,12.46,11500
2382,2016-08-25 10:13:42,ASK,12.47,28300
2383,2016-08-25 10:13:45,TRADE,12.46,2500
2384,2016-08-25 10:13:45,TRADE,12.46,1500
2385,2016-08-25 10:13:45,TRADE,12.46,1000
2386,2016-08-25 10:13:45,TRADE,12.46,5000
2387,2016-08-25 10:13:45,BID,12.46,1500
2388,2016-08-25 10:13:45,ASK,12.47,18300
2389,2016-08-25 10:13:45,BID,12.46,1000
2390,2016-08-25 10:13:45,BID,12.46,6000
2391,2016-08-25 10:13:45,BID,12.46,6300
2392,2016-08-25 10:13:46,ASK,12.47,18400
2393,2016-08-25 10:13:48,TRADE,12.46,500
2394,2016-08-25 10:13:48,TRADE,12.46,500
2395,2016-08-25 10:13:48,TRADE,12.46,500
2396,2016-08-25 10:13:48,BID,12.46,4800
2397,2016-08-25 10:13:48,BID,12.46,5300
2398,2016-08-25 10:13:48,BID,12.46,5800
2399,2016-08-25 10:13:49,BID,12.46,6200
2400,2016-08-25 10:13:53,BID,12.46,5800
2401,2016-08-25 10:13:53,ASK,12.47,19900
2402,2016-08-25 10:13:54,TRADE,12.46,700
2403,2016-08-25 10:13:54,BID,12.46,5100
2404,2016-08-25 10:13:54,ASK,12.47,19400
2405,2016-08-25 10:13:54,BID,12.46,4800
2406,2016-08-25 10:13:54,TRADE,12.46,3800
2407,2016-08-25 10:13:54,TRADE,12.46,500
2408,2016-08-25 10:13:54,TRADE,12.46,500
2409,2016-08-25 10:13:54,BID,12.45,136100
2410,2016-08-25 10:13:54,BID,12.45,136600
2412,2016-08-25 10:13:54,BID,12.45,137100
2413,2016-08-25 10:13:54,BID,12.46,500
2414,2016-08-25 10:13:54,BID,12.46,5500
2415,2016-08-25 10:13:54,BID,12.46,6000
2416,2016-08-25 10:13:55,BID,12.46,6500
2417,2016-08-25 10:13:55,ASK,12.47,19500
2418,2016-08-25 10:13:56,BID,12.46,6000
2419,2016-08-25 10:13:56,BID,12.46,6300
2420,2016-08-25 10:13:56,BID,12.46,6700
2421,2016-08-25 10:13:58,BID,12.46,6300
2422,2016-08-25 10:13:58,BID,12.46,6000
2423,2016-08-25 10:13:59,TRADE,12.46,800
2424,2016-08-25 10:13:59,BID,12.46,5200
2425,2016-08-25 10:13:59,ASK,12.47,19000
2426,2016-08-25 10:14:00,TRADE,12.46,400
2427,2016-08-25 10:14:00,BID,12.46,4800
2428,2016-08-25 10:14:00,ASK,12.47,18100
2429,2016-08-25 10:14:02,BID,12.46,5100
2430,2016-08-25 10:14:03,BID,12.46,5500
2431,2016-08-25 10:14:06,TRADE,12.46,200
2432,2016-08-25 10:14:06,BID,12.46,5300
2433,2016-08-25 10:14:06,ASK,12.47,17000
2434,2016-08-25 10:14:06,BID,12.46,5600
2435,2016-08-25 10:14:06,BID,12.46,8400
2436,2016-08-25 10:14:07,ASK,12.47,12000
2437,2016-08-25 10:14:09,BID,12.46,8900
2438,2016-08-25 10:14:09,TRADE,12.46,200
2439,2016-08-25 10:14:09,BID,12.46,8700
2440,2016-08-25 10:14:09,ASK,12.47,10500
2441,2016-08-25 10:14:12,TRADE,12.46,100
2442,2016-08-25 10:14:12,BID,12.46,8600
2443,2016-08-25 10:14:12,ASK,12.47,9300
2444,2016-08-25 10:14:14,TRADE,12.46,100
2445,2016-08-25 10:14:14,BID,12.46,8500
2446,2016-08-25 10:14:16,BID,12.46,9500
2447,2016-08-25 10:14:18,TRADE,12.46,100
2448,2016-08-25 10:14:18,BID,12.46,9400
2449,2016-08-25 10:14:19,TRADE,12.46,100
2450,2016-08-25 10:14:19,BID,12.46,9300
2451,2016-08-25 10:14:19,ASK,12.47,14300
2452,2016-08-25 10:14:19,ASK,12.47,24300
2453,2016-08-25 10:14:19,TRADE,12.46,100
2454,2016-08-25 10:14:19,BID,12.46,9200
2455,2016-08-25 10:14:20,BID,12.46,8900
2456,2016-08-25 10:14:20,BID,12.46,8500
2457,2016-08-25 10:14:20,BID,12.46,8200
2458,2016-08-25 10:14:20,BID,12.46,7700
2459,2016-08-25 10:14:20,BID,12.46,4800
2460,2016-08-25 10:14:21,TRADE,12.46,100
2461,2016-08-25 10:14:21,BID,12.46,4700
2462,2016-08-25 10:14:21,BID,12.46,4300
2463,2016-08-25 10:14:21,BID,12.46,4500
2464,2016-08-25 10:14:21,BID,12.46,9500
2465,2016-08-25 10:14:22,TRADE,12.46,100
2466,2016-08-25 10:14:22,BID,12.46,9400
2467,2016-08-25 10:14:22,BID,12.46,9900
2468,2016-08-25 10:14:23,TRADE,12.46,100
2469,2016-08-25 10:14:23,BID,12.46,9800
2470,2016-08-25 10:14:25,TRADE,12.46,100
2471,2016-08-25 10:14:25,BID,12.46,9700
2472,2016-08-25 10:14:25,TRADE,12.46,100
2473,2016-08-25 10:14:25,BID,12.46,9600
2474,2016-08-25 10:14:27,TRADE,12.46,200
2475,2016-08-25 10:14:27,BID,12.46,9400
2476,2016-08-25 10:14:29,TRADE,12.46,100
2477,2016-08-25 10:14:29,BID,12.46,9300
2478,2016-08-25 10:14:30,ASK,12.47,25800
2479,2016-08-25 10:14:30,TRADE,12.46,100
2480,2016-08-25 10:14:30,BID,12.46,9200
2481,2016-08-25 10:14:30,BID,12.46,8700
2482,2016-08-25 10:14:30,TRADE,12.46,100
2483,2016-08-25 10:14:30,BID,12.46,8600
2484,2016-08-25 10:14:32,TRADE,12.46,100
2485,2016-08-25 10:14:32,BID,12.46,8500
2486,2016-08-25 10:14:33,BID,12.46,3500
2487,2016-08-25 10:14:33,BID,12.46,5500
2488,2016-08-25 10:14:33,TRADE,12.46,100
2489,2016-08-25 10:14:33,BID,12.46,5400
2490,2016-08-25 10:14:35,TRADE,12.46,100
2491,2016-08-25 10:14:35,BID,12.46,5300
2492,2016-08-25 10:14:35,TRADE,12.46,100
2493,2016-08-25 10:14:35,BID,12.46,5200
2494,2016-08-25 10:14:36,TRADE,12.46,100
2495,2016-08-25 10:14:36,BID,12.46,5100
2496,2016-08-25 10:14:38,BID,12.46,5500
2497,2016-08-25 10:14:38,TRADE,12.46,100
2498,2016-08-25 10:14:38,BID,12.46,5400
2499,2016-08-25 10:14:38,BID,12.46,10400
2500,2016-08-25 10:14:40,TRADE,12.46,100
2501,2016-08-25 10:14:40,BID,12.46,10300
2502,2016-08-25 10:14:41,TRADE,12.46,100
2503,2016-08-25 10:14:41,BID,12.46,10200
2504,2016-08-25 10:14:43,TRADE,12.46,100
2505,2016-08-25 10:14:43,BID,12.46,10100
2506,2016-08-25 10:14:44,TRADE,12.46,100
2507,2016-08-25 10:14:44,BID,12.46,10000
2508,2016-08-25 10:14:45,TRADE,12.46,100
2509,2016-08-25 10:14:45,BID,12.46,9900
