,Date,Type,Price,Size
0,2016-09-05 10:09:05,TRADE,13.79,1000
1,2016-09-05 10:09:05,BID,13.79,13300
2,2016-09-05 10:09:05,ASK,13.8,43300
3,2016-09-05 10:09:05,TRADE,13.8,100
4,2016-09-05 10:09:05,TRADE,13.8,400
5,2016-09-05 10:09:05,TRADE,13.8,2800
6,2016-09-05 10:09:05,ASK,13.8,40000
8,2016-09-05 10:09:05,ASK,13.8,45000
9,2016-09-05 10:09:05,BID,13.79,18300
10,2016-09-05 10:09:05,ASK,13.8,40000
11,2016-09-05 10:09:05,ASK,13.8,40100
12,2016-09-05 10:09:05,TRADE,13.79,500
13,2016-09-05 10:09:05,BID,13.79,17800
14,2016-09-05 10:09:05,TRADE,13.79,300
15,2016-09-05 10:09:05,TRADE,13.79,200
16,2016-09-05 10:09:05,BID,13.79,17300
17,2016-09-05 10:09:05,TRADE,13.8,100
18,2016-09-05 10:09:05,ASK,13.8,40000
19,2016-09-05 10:09:05,BID,13.79,17400
20,2016-09-05 10:09:05,TRADE,13.8,100
21,2016-09-05 10:09:05,ASK,13.8,39900
22,2016-09-05 10:09:05,TRADE,13.8,100
23,2016-09-05 10:09:05,ASK,13.8,39800
24,2016-09-05 10:09:05,TRADE,13.8,100
25,2016-09-05 10:09:05,ASK,13.8,39700
26,2016-09-05 10:09:05,TRADE,13.79,500
27,2016-09-05 10:09:05,BID,13.79,16900
28,2016-09-05 10:09:05,TRADE,13.8,100
29,2016-09-05 10:09:05,ASK,13.8,39600
30,2016-09-05 10:09:05,TRADE,13.8,100
31,2016-09-05 10:09:05,ASK,13.8,39500
32,2016-09-05 10:09:05,TRADE,13.8,100
33,2016-09-05 10:09:05,ASK,13.8,39400
34,2016-09-05 10:09:05,TRADE,13.79,500
35,2016-09-05 10:09:05,BID,13.79,16400
36,2016-09-05 10:09:05,TRADE,13.8,100
37,2016-09-05 10:09:05,ASK,13.8,39300
38,2016-09-05 10:09:05,TRADE,13.79,500
39,2016-09-05 10:09:05,BID,13.79,15900
40,2016-09-05 10:09:05,TRADE,13.79,1000
41,2016-09-05 10:09:05,BID,13.79,14900
42,2016-09-05 10:09:05,TRADE,13.8,100
43,2016-09-05 10:09:05,ASK,13.8,39200
44,2016-09-05 10:09:05,TRADE,13.8,100
45,2016-09-05 10:09:05,ASK,13.8,39100
46,2016-09-05 10:09:05,TRADE,13.8,100
47,2016-09-05 10:09:05,ASK,13.8,39000
48,2016-09-05 10:09:05,ASK,13.8,51500
49,2016-09-05 10:09:05,TRADE,13.8,100
50,2016-09-05 10:09:05,ASK,13.8,51400
51,2016-09-05 10:09:05,TRADE,13.79,300
52,2016-09-05 10:09:05,TRADE,13.79,200
53,2016-09-05 10:09:05,BID,13.79,14400
54,2016-09-05 10:09:05,TRADE,13.8,100
55,2016-09-05 10:09:05,ASK,13.8,51300
56,2016-09-05 10:09:05,TRADE,13.79,600
57,2016-09-05 10:09:05,TRADE,13.79,100
58,2016-09-05 10:09:05,BID,13.79,13700
59,2016-09-05 10:09:05,TRADE,13.79,100
60,2016-09-05 10:09:05,BID,13.79,13600
61,2016-09-05 10:09:05,TRADE,13.8,100
62,2016-09-05 10:09:05,ASK,13.8,51200
63,2016-09-05 10:09:05,TRADE,13.79,500
64,2016-09-05 10:09:05,BID,13.79,13100
65,2016-09-05 10:09:05,TRADE,13.8,100
66,2016-09-05 10:09:05,ASK,13.8,51100
67,2016-09-05 10:09:05,TRADE,13.8,100
68,2016-09-05 10:09:05,ASK,13.8,51000
69,2016-09-05 10:09:05,TRADE,13.79,200
70,2016-09-05 10:09:05,BID,13.79,12900
71,2016-09-05 10:09:05,ASK,13.8,51200
72,2016-09-05 10:09:05,TRADE,13.8,100
73,2016-09-05 10:09:05,ASK,13.8,51100
74,2016-09-05 10:09:05,TRADE,13.79,500
75,2016-09-05 10:09:05,BID,13.79,12400
76,2016-09-05 10:09:05,BID,13.79,14500
77,2016-09-05 10:09:05,TRADE,13.8,3000
78,2016-09-05 10:09:05,ASK,13.8,48100
79,2016-09-05 10:09:05,TRADE,13.79,500
80,2016-09-05 10:09:05,BID,13.79,14000
81,2016-09-05 10:09:05,BID,13.79,14600
82,2016-09-05 10:09:05,TRADE,13.79,500
83,2016-09-05 10:09:05,BID,13.79,14100
84,2016-09-05 10:09:05,ASK,13.8,48600
85,2016-09-05 10:09:05,TRADE,13.8,500
86,2016-09-05 10:09:05,ASK,13.8,48100
87,2016-09-05 10:09:05,TRADE,13.8,2000
88,2016-09-05 10:09:05,ASK,13.8,46100
89,2016-09-05 10:09:05,ASK,13.8,46600
90,2016-09-05 10:09:05,TRADE,13.8,400
91,2016-09-05 10:09:05,TRADE,13.8,100
92,2016-09-05 10:09:05,TRADE,13.8,100
93,2016-09-05 10:09:05,TRADE,13.8,100
94,2016-09-05 10:09:05,TRADE,13.8,100
95,2016-09-05 10:09:05,TRADE,13.8,300
96,2016-09-05 10:09:05,TRADE,13.8,500
97,2016-09-05 10:09:05,TRADE,13.8,1000
98,2016-09-05 10:09:05,TRADE,13.8,1000
99,2016-09-05 10:09:05,TRADE,13.8,4400
100,2016-09-05 10:09:05,TRADE,13.8,300
101,2016-09-05 10:09:05,TRADE,13.8,200
102,2016-09-05 10:09:05,TRADE,13.8,1500
103,2016-09-05 10:09:05,ASK,13.8,36600
104,2016-09-05 10:09:05,TRADE,13.79,1000
105,2016-09-05 10:09:05,BID,13.79,13100
106,2016-09-05 10:09:06,TRADE,13.8,500
107,2016-09-05 10:09:06,TRADE,13.8,200
108,2016-09-05 10:09:06,ASK,13.8,35900
109,2016-09-05 10:09:06,BID,13.79,13300
110,2016-09-05 10:09:06,TRADE,13.8,200
111,2016-09-05 10:09:06,BID,13.79,13200
112,2016-09-05 10:09:06,ASK,13.8,35700
113,2016-09-05 10:09:06,TRADE,13.8,300
114,2016-09-05 10:09:06,BID,13.79,13000
115,2016-09-05 10:09:06,ASK,13.8,35400
116,2016-09-05 10:09:06,BID,13.79,13100
117,2016-09-05 10:09:06,ASK,13.8,45700
118,2016-09-05 10:09:06,TRADE,13.79,3500
119,2016-09-05 10:09:06,BID,13.79,9600
120,2016-09-05 10:09:06,TRADE,13.8,700
121,2016-09-05 10:09:06,BID,13.79,9500
122,2016-09-05 10:09:06,ASK,13.8,45000
123,2016-09-05 10:09:06,TRADE,13.8,700
124,2016-09-05 10:09:06,ASK,13.8,44300
125,2016-09-05 10:09:06,TRADE,13.79,200
126,2016-09-05 10:09:06,BID,13.79,9300
127,2016-09-05 10:09:06,TRADE,13.8,300
128,2016-09-05 10:09:06,ASK,13.8,44000
129,2016-09-05 10:09:06,TRADE,13.8,300
130,2016-09-05 10:09:06,ASK,13.8,43700
132,2016-09-05 10:09:06,TRADE,13.79,800
133,2016-09-05 10:09:06,TRADE,13.79,800
134,2016-09-05 10:09:06,TRADE,13.79,1400
135,2016-09-05 10:09:06,BID,13.79,6300
136,2016-09-05 10:09:06,TRADE,13.8,700
137,2016-09-05 10:09:06,ASK,13.8,43000
138,2016-09-05 10:09:06,TRADE,13.8,700
139,2016-09-05 10:09:06,ASK,13.8,42300
140,2016-09-05 10:09:06,ASK,13.8,47300
141,2016-09-05 10:09:06,TRADE,13.8,600
142,2016-09-05 10:09:06,ASK,13.8,46700
143,2016-09-05 10:09:06,TRADE,13.8,200
144,2016-09-05 10:09:06,ASK,13.8,46500
145,2016-09-05 10:09:06,TRADE,13.8,200
146,2016-09-05 10:09:06,ASK,13.8,46300
147,2016-09-05 10:09:06,TRADE,13.79,1400
148,2016-09-05 10:09:06,BID,13.79,4900
149,2016-09-05 10:09:06,TRADE,13.8,500
150,2016-09-05 10:09:06,ASK,13.8,45800
151,2016-09-05 10:09:06,TRADE,13.8,400
152,2016-09-05 10:09:06,TRADE,13.8,100
153,2016-09-05 10:09:06,ASK,13.8,45300
154,2016-09-05 10:09:06,TRADE,13.79,700
155,2016-09-05 10:09:06,BID,13.79,4200
156,2016-09-05 10:09:06,TRADE,13.8,300
157,2016-09-05 10:09:06,ASK,13.8,45000
158,2016-09-05 10:09:06,TRADE,13.8,300
159,2016-09-05 10:09:06,ASK,13.8,44700
160,2016-09-05 10:09:06,TRADE,13.79,500
161,2016-09-05 10:09:06,BID,13.79,3700
162,2016-09-05 10:09:06,TRADE,13.8,200
163,2016-09-05 10:09:06,ASK,13.8,44500
164,2016-09-05 10:09:06,TRADE,13.8,100
165,2016-09-05 10:09:06,TRADE,13.8,100
166,2016-09-05 10:09:06,ASK,13.8,44300
167,2016-09-05 10:09:06,TRADE,13.79,500
168,2016-09-05 10:09:06,BID,13.79,3200
169,2016-09-05 10:09:06,TRADE,13.8,100
170,2016-09-05 10:09:06,ASK,13.8,44200
171,2016-09-05 10:09:06,TRADE,13.8,100
172,2016-09-05 10:09:06,TRADE,13.8,100
173,2016-09-05 10:09:06,ASK,13.8,44000
174,2016-09-05 10:09:06,TRADE,13.8,100
175,2016-09-05 10:09:06,ASK,13.8,43900
176,2016-09-05 10:09:06,TRADE,13.8,100
177,2016-09-05 10:09:06,ASK,13.8,43800
178,2016-09-05 10:09:06,TRADE,13.8,100
179,2016-09-05 10:09:06,ASK,13.8,43700
180,2016-09-05 10:09:06,BID,13.79,3500
181,2016-09-05 10:09:06,TRADE,13.8,1000
182,2016-09-05 10:09:06,ASK,13.8,42700
183,2016-09-05 10:09:06,TRADE,13.8,100
184,2016-09-05 10:09:06,ASK,13.8,42600
185,2016-09-05 10:09:06,TRADE,13.8,200
186,2016-09-05 10:09:06,BID,13.79,3200
187,2016-09-05 10:09:06,ASK,13.8,42400
188,2016-09-05 10:09:06,TRADE,13.79,500
189,2016-09-05 10:09:06,TRADE,13.79,200
190,2016-09-05 10:09:06,BID,13.79,2500
191,2016-09-05 10:09:06,BID,13.79,7500
192,2016-09-05 10:09:06,TRADE,13.8,200
193,2016-09-05 10:09:06,ASK,13.8,42200
194,2016-09-05 10:09:06,TRADE,13.8,200
195,2016-09-05 10:09:06,ASK,13.8,42000
196,2016-09-05 10:09:06,BID,13.79,10200
197,2016-09-05 10:09:06,TRADE,13.79,700
198,2016-09-05 10:09:06,BID,13.79,9500
199,2016-09-05 10:09:06,TRADE,13.8,100
200,2016-09-05 10:09:06,ASK,13.8,41900
201,2016-09-05 10:09:06,TRADE,13.8,100
202,2016-09-05 10:09:06,ASK,13.8,41800
203,2016-09-05 10:09:06,BID,13.79,8300
204,2016-09-05 10:09:06,TRADE,13.8,100
205,2016-09-05 10:09:06,ASK,13.8,41700
206,2016-09-05 10:09:06,BID,13.79,7700
207,2016-09-05 10:09:06,TRADE,13.8,100
208,2016-09-05 10:09:06,ASK,13.8,41600
209,2016-09-05 10:09:06,TRADE,13.8,100
210,2016-09-05 10:09:06,ASK,13.8,41500
211,2016-09-05 10:09:06,TRADE,13.8,100
212,2016-09-05 10:09:06,ASK,13.8,41400
213,2016-09-05 10:09:06,BID,13.79,8000
214,2016-09-05 10:09:06,TRADE,13.8,200
215,2016-09-05 10:09:06,ASK,13.8,41200
216,2016-09-05 10:09:06,TRADE,13.8,100
217,2016-09-05 10:09:06,ASK,13.8,41100
218,2016-09-05 10:09:06,TRADE,13.79,100
219,2016-09-05 10:09:06,BID,13.79,7900
220,2016-09-05 10:09:06,TRADE,13.8,100
221,2016-09-05 10:09:06,ASK,13.8,41000
222,2016-09-05 10:09:06,TRADE,13.8,100
223,2016-09-05 10:09:06,ASK,13.8,40900
224,2016-09-05 10:09:06,BID,13.79,8300
225,2016-09-05 10:09:06,BID,13.79,8600
226,2016-09-05 10:09:06,TRADE,13.8,11800
227,2016-09-05 10:09:06,TRADE,13.8,100
228,2016-09-05 10:09:06,TRADE,13.8,12500
229,2016-09-05 10:09:06,TRADE,13.8,200
230,2016-09-05 10:09:06,TRADE,13.8,500
231,2016-09-05 10:09:06,TRADE,13.8,500
232,2016-09-05 10:09:06,TRADE,13.8,3100
233,2016-09-05 10:09:06,ASK,13.8,12200
234,2016-09-05 10:09:06,ASK,13.8,7200
235,2016-09-05 10:09:06,TRADE,13.8,200
236,2016-09-05 10:09:06,ASK,13.8,7000
237,2016-09-05 10:09:06,TRADE,13.8,1900
238,2016-09-05 10:09:06,BID,13.79,8200
239,2016-09-05 10:09:06,ASK,13.8,5100
240,2016-09-05 10:09:06,TRADE,13.8,2200
241,2016-09-05 10:09:06,BID,13.79,7900
242,2016-09-05 10:09:06,ASK,13.8,2900
243,2016-09-05 10:09:06,ASK,13.8,3400
244,2016-09-05 10:09:07,TRADE,13.8,2900
245,2016-09-05 10:09:07,TRADE,13.8,200
246,2016-09-05 10:09:07,ASK,13.8,300
247,2016-09-05 10:09:07,ASK,13.8,800
248,2016-09-05 10:09:07,TRADE,13.8,300
249,2016-09-05 10:09:07,TRADE,13.8,500
250,2016-09-05 10:09:07,ASK,13.81,23900
251,2016-09-05 10:09:07,TRADE,13.81,300
252,2016-09-05 10:09:07,TRADE,13.81,200
253,2016-09-05 10:09:07,TRADE,13.81,1900
253,2016-09-05 10:09:07,ASK,13.81,21500
254,2016-09-05 10:09:07,ASK,13.81,9000
255,2016-09-05 10:09:07,TRADE,13.81,300
256,2016-09-05 10:09:07,TRADE,13.81,1200
257,2016-09-05 10:09:07,ASK,13.81,7500
258,2016-09-05 10:09:07,TRADE,13.81,200
259,2016-09-05 10:09:07,TRADE,13.81,1400
260,2016-09-05 10:09:07,ASK,13.81,5900
261,2016-09-05 10:09:07,TRADE,13.81,300
262,2016-09-05 10:09:07,ASK,13.81,5600
263,2016-09-05 10:09:07,ASK,13.81,6100
264,2016-09-05 10:09:07,TRADE,13.81,600
265,2016-09-05 10:09:07,ASK,13.81,5500
266,2016-09-05 10:09:07,ASK,13.81,6000
267,2016-09-05 10:09:07,TRADE,13.81,400
268,2016-09-05 10:09:07,ASK,13.81,5600
269,2016-09-05 10:09:07,TRADE,13.81,100
270,2016-09-05 10:09:07,ASK,13.81,5500
271,2016-09-05 10:09:07,TRADE,13.79,600
272,2016-09-05 10:09:07,BID,13.79,7300
273,2016-09-05 10:09:07,TRADE,13.81,200
274,2016-09-05 10:09:07,ASK,13.81,5300
275,2016-09-05 10:09:07,TRADE,13.81,300
276,2016-09-05 10:09:07,ASK,13.81,5000
277,2016-09-05 10:09:07,ASK,13.8,500
278,2016-09-05 10:09:07,TRADE,13.8,100
279,2016-09-05 10:09:07,ASK,13.8,400
280,2016-09-05 10:09:07,TRADE,13.8,400
281,2016-09-05 10:09:07,BID,13.8,100
282,2016-09-05 10:09:07,ASK,13.81,5000
283,2016-09-05 10:09:07,BID,13.8,5100
285,2016-09-05 10:09:07,TRADE,13.81,100
286,2016-09-05 10:09:07,ASK,13.81,4900
287,2016-09-05 10:09:07,BID,13.8,5000
288,2016-09-05 10:09:07,TRADE,13.81,800
289,2016-09-05 10:09:07,ASK,13.81,4100
290,2016-09-05 10:09:07,TRADE,13.81,300
291,2016-09-05 10:09:07,ASK,13.81,3800
292,2016-09-05 10:09:07,TRADE,13.8,500
293,2016-09-05 10:09:07,BID,13.8,4500
294,2016-09-05 10:09:07,TRADE,13.81,400
295,2016-09-05 10:09:07,ASK,13.81,3400
296,2016-09-05 10:09:07,TRADE,13.81,300
297,2016-09-05 10:09:07,ASK,13.81,3100
298,2016-09-05 10:09:07,TRADE,13.8,500
299,2016-09-05 10:09:07,BID,13.8,4000
300,2016-09-05 10:09:07,TRADE,13.81,200
301,2016-09-05 10:09:07,ASK,13.81,2900
302,2016-09-05 10:09:07,TRADE,13.81,200
303,2016-09-05 10:09:07,ASK,13.81,2700
304,2016-09-05 10:09:07,TRADE,13.8,500
305,2016-09-05 10:09:07,BID,13.8,3500
306,2016-09-05 10:09:07,TRADE,13.81,100
307,2016-09-05 10:09:07,ASK,13.81,2600
308,2016-09-05 10:09:07,TRADE,13.81,100
309,2016-09-05 10:09:07,ASK,13.81,2500
310,2016-09-05 10:09:07,TRADE,13.8,500
311,2016-09-05 10:09:07,BID,13.8,3000
312,2016-09-05 10:09:07,TRADE,13.81,200
313,2016-09-05 10:09:07,ASK,13.81,2300
314,2016-09-05 10:09:07,TRADE,13.81,200
315,2016-09-05 10:09:07,ASK,13.81,2100
316,2016-09-05 10:09:07,TRADE,13.8,500
317,2016-09-05 10:09:07,BID,13.8,2500
318,2016-09-05 10:09:07,TRADE,13.81,200
319,2016-09-05 10:09:07,ASK,13.81,1900
320,2016-09-05 10:09:07,TRADE,13.81,200
321,2016-09-05 10:09:07,ASK,13.81,1700
325,2016-09-05 10:09:07,TRADE,13.8,500
326,2016-09-05 10:09:07,BID,13.8,2000
327,2016-09-05 10:09:07,TRADE,13.81,200
328,2016-09-05 10:09:07,ASK,13.81,1500
329,2016-09-05 10:09:07,TRADE,13.81,200
330,2016-09-05 10:09:07,ASK,13.81,1300
331,2016-09-05 10:09:07,TRADE,13.8,500
332,2016-09-05 10:09:07,BID,13.8,1500
333,2016-09-05 10:09:07,TRADE,13.81,100
334,2016-09-05 10:09:07,ASK,13.81,1200
335,2016-09-05 10:09:07,TRADE,13.81,200
336,2016-09-05 10:09:07,ASK,13.81,1000
337,2016-09-05 10:09:07,ASK,13.81,6000
338,2016-09-05 10:09:07,TRADE,13.81,100
339,2016-09-05 10:09:07,ASK,13.81,5900
340,2016-09-05 10:09:07,TRADE,13.81,100
341,2016-09-05 10:09:07,ASK,13.81,5800
342,2016-09-05 10:09:07,TRADE,13.8,500
343,2016-09-05 10:09:07,BID,13.8,1000
344,2016-09-05 10:09:07,BID,13.8,2200
345,2016-09-05 10:09:07,TRADE,13.81,100
346,2016-09-05 10:09:07,ASK,13.81,5700
347,2016-09-05 10:09:07,ASK,13.81,5500
348,2016-09-05 10:09:07,BID,13.8,3000
349,2016-09-05 10:09:07,ASK,13.81,6000
350,2016-09-05 10:09:07,ASK,13.81,5500
351,2016-09-05 10:09:07,TRADE,13.8,900
352,2016-09-05 10:09:07,BID,13.8,2100
353,2016-09-05 10:09:07,ASK,13.81,6000
354,2016-09-05 10:09:07,TRADE,13.8,100
355,2016-09-05 10:09:07,BID,13.8,2000
356,2016-09-05 10:09:07,TRADE,13.8,500
357,2016-09-05 10:09:07,BID,13.8,1500
358,2016-09-05 10:09:07,ASK,13.81,5500
359,2016-09-05 10:09:07,BID,13.8,6500
360,2016-09-05 10:09:07,ASK,13.81,6000
361,2016-09-05 10:09:07,TRADE,13.8,200
362,2016-09-05 10:09:07,BID,13.8,6300
363,2016-09-05 10:09:07,TRADE,13.8,500
364,2016-09-05 10:09:07,BID,13.8,5800
365,2016-09-05 10:09:07,ASK,13.81,5500
366,2016-09-05 10:09:07,TRADE,13.8,800
367,2016-09-05 10:09:07,BID,13.8,5000
368,2016-09-05 10:09:07,TRADE,13.8,500
369,2016-09-05 10:09:07,BID,13.8,4500
370,2016-09-05 10:09:07,BID,13.8,5300
371,2016-09-05 10:09:07,BID,13.8,6100
372,2016-09-05 10:09:07,TRADE,13.8,500
373,2016-09-05 10:09:07,BID,13.8,5600
374,2016-09-05 10:09:07,TRADE,13.8,1000
375,2016-09-05 10:09:07,BID,13.8,4600
376,2016-09-05 10:09:07,ASK,13.81,6000
377,2016-09-05 10:09:07,TRADE,13.8,500
378,2016-09-05 10:09:07,BID,13.8,4100
379,2016-09-05 10:09:07,ASK,13.81,5500
380,2016-09-05 10:09:07,TRADE,13.8,1000
381,2016-09-05 10:09:07,BID,13.8,3100
382,2016-09-05 10:09:07,ASK,13.81,6000
383,2016-09-05 10:09:07,TRADE,13.8,1000
384,2016-09-05 10:09:07,BID,13.8,2100
385,2016-09-05 10:09:07,TRADE,13.8,500
386,2016-09-05 10:09:07,BID,13.8,1600
387,2016-09-05 10:09:07,ASK,13.81,5500
388,2016-09-05 10:09:07,BID,13.8,6600
389,2016-09-05 10:09:07,TRADE,13.81,100
390,2016-09-05 10:09:07,BID,13.8,5800
391,2016-09-05 10:09:07,ASK,13.81,5400
392,2016-09-05 10:09:07,TRADE,13.8,500
393,2016-09-05 10:09:07,BID,13.8,5300
394,2016-09-05 10:09:07,TRADE,13.8,300
395,2016-09-05 10:09:07,TRADE,13.8,700
396,2016-09-05 10:09:07,BID,13.8,4300
397,2016-09-05 10:09:07,BID,13.8,5700
398,2016-09-05 10:09:07,TRADE,13.81,300
399,2016-09-05 10:09:07,ASK,13.81,5100
400,2016-09-05 10:09:07,TRADE,13.8,500
401,2016-09-05 10:09:07,BID,13.8,5200
402,2016-09-05 10:09:07,TRADE,13.81,200
403,2016-09-05 10:09:07,ASK,13.81,4900
404,2016-09-05 10:09:07,TRADE,13.81,700
405,2016-09-05 10:09:07,ASK,13.81,4200
406,2016-09-05 10:09:07,TRADE,13.8,1000
407,2016-09-05 10:09:07,BID,13.8,4200
408,2016-09-05 10:09:07,ASK,13.81,4700
409,2016-09-05 10:09:07,TRADE,13.81,400
410,2016-09-05 10:09:07,ASK,13.81,4300
411,2016-09-05 10:09:07,TRADE,13.8,300
412,2016-09-05 10:09:07,BID,13.8,3900
414,2016-09-05 10:09:07,TRADE,13.81,100
415,2016-09-05 10:09:07,ASK,13.81,4200
416,2016-09-05 10:09:07,TRADE,13.8,500
417,2016-09-05 10:09:07,BID,13.8,3400
418,2016-09-05 10:09:07,ASK,13.81,3700
419,2016-09-05 10:09:07,TRADE,13.81,100
420,2016-09-05 10:09:07,ASK,13.81,3600
421,2016-09-05 10:09:07,TRADE,13.8,700
422,2016-09-05 10:09:07,BID,13.8,2700
423,2016-09-05 10:09:07,TRADE,13.8,500
424,2016-09-05 10:09:07,BID,13.8,2200
425,2016-09-05 10:09:07,TRADE,13.81,200
426,2016-09-05 10:09:07,ASK,13.81,3400
427,2016-09-05 10:09:07,TRADE,13.8,800
428,2016-09-05 10:09:07,TRADE,13.8,200
429,2016-09-05 10:09:07,BID,13.8,1200
430,2016-09-05 10:09:07,TRADE,13.8,500
431,2016-09-05 10:09:07,BID,13.8,700
432,2016-09-05 10:09:07,BID,13.79,4300
433,2016-09-05 10:09:07,TRADE,13.81,300
434,2016-09-05 10:09:07,ASK,13.81,3100
435,2016-09-05 10:09:07,BID,13.8,700
436,2016-09-05 10:09:07,TRADE,13.81,200
437,2016-09-05 10:09:07,ASK,13.81,2900
438,2016-09-05 10:09:07,TRADE,13.8,500
439,2016-09-05 10:09:07,BID,13.8,200
440,2016-09-05 10:09:07,BID,13.8,300
441,2016-09-05 10:09:07,TRADE,13.8,200
442,2016-09-05 10:09:07,TRADE,13.8,100
443,2016-09-05 10:09:07,BID,13.79,4300
444,2016-09-05 10:09:07,ASK,13.8,400
445,2016-09-05 10:09:07,TRADE,13.8,200
446,2016-09-05 10:09:07,ASK,13.8,200
447,2016-09-05 10:09:07,TRADE,13.8,100
448,2016-09-05 10:09:07,ASK,13.8,100
450,2016-09-05 10:09:07,TRADE,13.79,4300
451,2016-09-05 10:09:07,BID,13.78,29400
452,2016-09-05 10:09:07,ASK,13.79,12500
453,2016-09-05 10:09:07,BID,13.78,16900
455,2016-09-05 10:09:07,TRADE,13.79,900
456,2016-09-05 10:09:07,ASK,13.79,11600
457,2016-09-05 10:09:07,TRADE,13.79,100
458,2016-09-05 10:09:07,ASK,13.79,11500
460,2016-09-05 10:09:07,BID,13.78,18500
461,2016-09-05 10:09:07,TRADE,13.79,200
462,2016-09-05 10:09:07,ASK,13.79,11300
463,2016-09-05 10:09:07,TRADE,13.79,11300
464,2016-09-05 10:09:07,ASK,13.8,5100
465,2016-09-05 10:09:07,BID,13.79,5000
468,2016-09-05 10:09:07,BID,13.79,5800
469,2016-09-05 10:09:07,TRADE,13.8,100
470,2016-09-05 10:09:07,TRADE,13.8,900
471,2016-09-05 10:09:07,ASK,13.8,4100
472,2016-09-05 10:09:07,TRADE,13.8,2200
473,2016-09-05 10:09:07,BID,13.79,5000
474,2016-09-05 10:09:07,ASK,13.8,1900
475,2016-09-05 10:09:07,TRADE,13.8,600
476,2016-09-05 10:09:07,ASK,13.8,1300
477,2016-09-05 10:09:07,TRADE,13.8,600
478,2016-09-05 10:09:07,ASK,13.8,700
479,2016-09-05 10:09:07,ASK,13.81,2900
481,2016-09-05 10:09:07,TRADE,13.81,200
482,2016-09-05 10:09:07,ASK,13.81,2700
483,2016-09-05 10:09:07,TRADE,13.81,200
484,2016-09-05 10:09:07,ASK,13.81,2500
485,2016-09-05 10:09:07,BID,13.8,1600
487,2016-09-05 10:09:07,TRADE,13.81,100
488,2016-09-05 10:09:07,ASK,13.81,2400
489,2016-09-05 10:09:07,TRADE,13.81,100
490,2016-09-05 10:09:07,BID,13.79,5000
491,2016-09-05 10:09:07,ASK,13.81,2300
493,2016-09-05 10:09:07,BID,13.8,900
495,2016-09-05 10:09:07,TRADE,13.81,1500
496,2016-09-05 10:09:07,ASK,13.81,800
497,2016-09-05 10:09:07,BID,13.8,7000
498,2016-09-05 10:09:07,TRADE,13.81,300
499,2016-09-05 10:09:07,BID,13.8,6100
500,2016-09-05 10:09:07,ASK,13.81,500
501,2016-09-05 10:09:07,ASK,13.81,5500
502,2016-09-05 10:09:07,TRADE,13.81,400
503,2016-09-05 10:09:07,ASK,13.81,5100
504,2016-09-05 10:09:07,TRADE,13.81,100
505,2016-09-05 10:09:07,ASK,13.81,5000
506,2016-09-05 10:09:07,TRADE,13.81,100
507,2016-09-05 10:09:07,ASK,13.81,4900
508,2016-09-05 10:09:07,TRADE,13.81,100
509,2016-09-05 10:09:07,ASK,13.81,4800
511,2016-09-05 10:09:07,BID,13.8,8000
512,2016-09-05 10:09:07,TRADE,13.81,1000
513,2016-09-05 10:09:07,ASK,13.81,3800
514,2016-09-05 10:09:07,BID,13.8,13000
515,2016-09-05 10:09:07,TRADE,13.8,1000
516,2016-09-05 10:09:07,BID,13.8,12000
517,2016-09-05 10:09:07,TRADE,13.81,400
518,2016-09-05 10:09:07,ASK,13.81,3400
520,2016-09-05 10:09:07,TRADE,13.8,500
521,2016-09-05 10:09:07,BID,13.8,11500
522,2016-09-05 10:09:07,TRADE,13.81,200
523,2016-09-05 10:09:07,ASK,13.81,3200
524,2016-09-05 10:09:08,BID,13.8,12800
525,2016-09-05 10:09:08,ASK,13.81,3700
526,2016-09-05 10:09:08,TRADE,13.8,1000
527,2016-09-05 10:09:08,BID,13.8,11800
528,2016-09-05 10:09:08,BID,13.8,6800
530,2016-09-05 10:09:08,ASK,13.81,16200
531,2016-09-05 10:09:08,TRADE,13.8,1000
532,2016-09-05 10:09:08,BID,13.8,5800
533,2016-09-05 10:09:08,ASK,13.81,16300
534,2016-09-05 10:09:09,BID,13.8,8800
535,2016-09-05 10:09:09,ASK,13.81,18300
536,2016-09-05 10:09:12,ASK,13.81,23300
537,2016-09-05 10:09:12,TRADE,13.8,2600
538,2016-09-05 10:09:12,TRADE,13.8,1900
539,2016-09-05 10:09:12,TRADE,13.8,1300
540,2016-09-05 10:09:12,TRADE,13.8,3000
541,2016-09-05 10:09:12,BID,13.79,9000
543,2016-09-05 10:09:12,BID,13.79,11000
544,2016-09-05 10:09:12,BID,13.8,900
546,2016-09-05 10:09:12,TRADE,13.81,800
547,2016-09-05 10:09:12,ASK,13.81,22500
548,2016-09-05 10:09:12,TRADE,13.81,200
549,2016-09-05 10:09:12,ASK,13.81,22300
550,2016-09-05 10:09:12,BID,13.8,1200
551,2016-09-05 10:09:12,BID,13.8,3300
552,2016-09-05 10:09:12,TRADE,13.8,100
553,2016-09-05 10:09:12,BID,13.8,3200
554,2016-09-05 10:09:12,BID,13.8,3600
555,2016-09-05 10:09:13,TRADE,13.8,800
556,2016-09-05 10:09:13,TRADE,13.8,300
557,2016-09-05 10:09:13,TRADE,13.8,2100
558,2016-09-05 10:09:13,TRADE,13.8,400
559,2016-09-05 10:09:13,BID,13.79,9000
561,2016-09-05 10:09:13,BID,13.8,400
563,2016-09-05 10:09:13,BID,13.8,600
564,2016-09-05 10:09:13,BID,13.8,1400
565,2016-09-05 10:09:14,TRADE,13.8,400
566,2016-09-05 10:09:14,TRADE,13.8,200
567,2016-09-05 10:09:14,TRADE,13.8,800
568,2016-09-05 10:09:14,BID,13.79,9000
569,2016-09-05 10:09:14,ASK,13.8,12500
570,2016-09-05 10:09:14,ASK,13.8,17500
572,2016-09-05 10:09:14,TRADE,13.8,800
573,2016-09-05 10:09:14,ASK,13.8,16700
574,2016-09-05 10:09:14,BID,13.79,9300
575,2016-09-05 10:09:14,TRADE,13.8,200
576,2016-09-05 10:09:14,ASK,13.8,16500
577,2016-09-05 10:09:14,BID,13.79,10800
581,2016-09-05 10:09:14,BID,13.79,10900
582,2016-09-05 10:09:15,ASK,13.8,16600
583,2016-09-05 10:09:17,TRADE,13.8,700
584,2016-09-05 10:09:17,ASK,13.8,15900
585,2016-09-05 10:09:18,TRADE,13.8,1000
586,2016-09-05 10:09:18,ASK,13.8,14900
587,2016-09-05 10:09:18,ASK,13.8,21900
588,2016-09-05 10:09:18,BID,13.79,11000
589,2016-09-05 10:09:18,TRADE,13.79,2000
590,2016-09-05 10:09:18,BID,13.79,9000
591,2016-09-05 10:09:18,TRADE,13.79,3000
592,2016-09-05 10:09:18,TRADE,13.79,4000
593,2016-09-05 10:09:18,TRADE,13.79,300
594,2016-09-05 10:09:18,TRADE,13.79,1500
595,2016-09-05 10:09:18,TRADE,13.79,100
596,2016-09-05 10:09:18,TRADE,13.79,100
597,2016-09-05 10:09:18,BID,13.78,16900
599,2016-09-05 10:09:18,BID,13.78,18500
600,2016-09-05 10:09:18,BID,13.79,700
602,2016-09-05 10:09:18,TRADE,13.8,500
603,2016-09-05 10:09:18,ASK,13.8,21400
604,2016-09-05 10:09:18,BID,13.79,5700
605,2016-09-05 10:09:18,TRADE,13.8,100
606,2016-09-05 10:09:18,ASK,13.8,21300
607,2016-09-05 10:09:18,TRADE,13.79,500
608,2016-09-05 10:09:18,BID,13.79,5200
609,2016-09-05 10:09:18,TRADE,13.8,100
610,2016-09-05 10:09:18,ASK,13.8,21200
611,2016-09-05 10:09:18,TRADE,13.79,200
612,2016-09-05 10:09:18,TRADE,13.79,300
613,2016-09-05 10:09:18,BID,13.79,4700
614,2016-09-05 10:09:18,TRADE,13.79,500
615,2016-09-05 10:09:18,BID,13.79,4200
616,2016-09-05 10:09:18,TRADE,13.8,100
617,2016-09-05 10:09:18,ASK,13.8,21100
618,2016-09-05 10:09:18,TRADE,13.8,800
619,2016-09-05 10:09:18,ASK,13.8,20300
620,2016-09-05 10:09:18,TRADE,13.79,500
621,2016-09-05 10:09:18,BID,13.79,3700
622,2016-09-05 10:09:18,TRADE,13.79,500
623,2016-09-05 10:09:18,BID,13.79,3200
624,2016-09-05 10:09:18,TRADE,13.79,500
625,2016-09-05 10:09:18,BID,13.79,2700
626,2016-09-05 10:09:18,TRADE,13.8,500
627,2016-09-05 10:09:18,ASK,13.8,19800
628,2016-09-05 10:09:18,TRADE,13.8,400
629,2016-09-05 10:09:18,ASK,13.8,19400
630,2016-09-05 10:09:18,BID,13.78,16900
632,2016-09-05 10:09:18,ASK,13.79,500
634,2016-09-05 10:09:18,TRADE,13.79,300
635,2016-09-05 10:09:18,ASK,13.79,200
636,2016-09-05 10:09:18,TRADE,13.79,200
637,2016-09-05 10:09:18,ASK,13.8,19400
639,2016-09-05 10:09:18,TRADE,13.78,100
640,2016-09-05 10:09:18,TRADE,13.78,400
641,2016-09-05 10:09:18,BID,13.78,16400
642,2016-09-05 10:09:18,BID,13.79,100
643,2016-09-05 10:09:18,BID,13.79,200
645,2016-09-05 10:09:18,TRADE,13.79,100
646,2016-09-05 10:09:18,TRADE,13.79,100
647,2016-09-05 10:09:18,BID,13.78,16400
648,2016-09-05 10:09:18,TRADE,13.78,100
649,2016-09-05 10:09:18,TRADE,13.78,200
649,2016-09-05 10:09:18,BID,13.78,16100
651,2016-09-05 10:09:18,ASK,13.8,19500
652,2016-09-05 10:09:19,TRADE,13.78,100
653,2016-09-05 10:09:19,TRADE,13.78,400
654,2016-09-05 10:09:19,BID,13.78,15600
655,2016-09-05 10:09:19,ASK,13.79,100
656,2016-09-05 10:09:19,TRADE,13.79,100
657,2016-09-05 10:09:19,ASK,13.8,19500
658,2016-09-05 10:09:19,BID,13.79,200
659,2016-09-05 10:09:19,TRADE,13.79,200
660,2016-09-05 10:09:19,BID,13.78,15600
661,2016-09-05 10:09:19,TRADE,13.78,300
661,2016-09-05 10:09:19,BID,13.78,15300
664,2016-09-05 10:09:19,BID,13.79,200
666,2016-09-05 10:09:19,BID,13.79,500
667,2016-09-05 10:09:19,TRADE,13.79,200
668,2016-09-05 10:09:19,TRADE,13.79,300
669,2016-09-05 10:09:19,BID,13.78,15300
671,2016-09-05 10:09:19,BID,13.79,200
672,2016-09-05 10:09:19,BID,13.79,300
674,2016-09-05 10:09:19,TRADE,13.79,200
675,2016-09-05 10:09:19,TRADE,13.79,100
676,2016-09-05 10:09:19,BID,13.78,15300
677,2016-09-05 10:09:19,TRADE,13.78,200
677,2016-09-05 10:09:19,BID,13.78,15100
679,2016-09-05 10:09:19,TRADE,13.78,500
680,2016-09-05 10:09:19,BID,13.78,14600
681,2016-09-05 10:09:19,BID,13.79,600
682,2016-09-05 10:09:19,BID,13.79,800
684,2016-09-05 10:09:19,BID,13.79,1000
685,2016-09-05 10:09:19,TRADE,13.79,500
686,2016-09-05 10:09:19,BID,13.79,500
687,2016-09-05 10:09:19,TRADE,13.79,100
688,2016-09-05 10:09:19,TRADE,13.79,200
689,2016-09-05 10:09:19,TRADE,13.79,200
690,2016-09-05 10:09:19,BID,13.78,14600
692,2016-09-05 10:09:19,BID,13.79,200
693,2016-09-05 10:09:19,TRADE,13.79,200
694,2016-09-05 10:09:19,BID,13.78,14600
695,2016-09-05 10:09:19,ASK,13.79,300
697,2016-09-05 10:09:19,ASK,13.79,5300
698,2016-09-05 10:09:19,TRADE,13.79,200
699,2016-09-05 10:09:19,ASK,13.79,5100
702,2016-09-05 10:09:19,TRADE,13.78,100
703,2016-09-05 10:09:19,BID,13.78,14500
704,2016-09-05 10:09:19,ASK,13.79,5000
705,2016-09-05 10:09:19,BID,13.78,17000
706,2016-09-05 10:09:19,TRADE,13.79,100
707,2016-09-05 10:09:19,ASK,13.79,4900
708,2016-09-05 10:09:19,TRADE,13.78,500
709,2016-09-05 10:09:19,BID,13.78,16500
710,2016-09-05 10:09:19,TRADE,13.78,500
711,2016-09-05 10:09:19,BID,13.78,16000
712,2016-09-05 10:09:19,TRADE,13.79,200
713,2016-09-05 10:09:19,ASK,13.79,4700
714,2016-09-05 10:09:19,TRADE,13.78,500
715,2016-09-05 10:09:19,BID,13.78,15500
716,2016-09-05 10:09:19,TRADE,13.78,500
717,2016-09-05 10:09:19,BID,13.78,15000
718,2016-09-05 10:09:19,TRADE,13.79,200
719,2016-09-05 10:09:19,ASK,13.79,4500
720,2016-09-05 10:09:19,TRADE,13.78,500
721,2016-09-05 10:09:19,BID,13.78,14500
722,2016-09-05 10:09:19,TRADE,13.78,500
723,2016-09-05 10:09:19,BID,13.78,14000
724,2016-09-05 10:09:19,TRADE,13.79,300
725,2016-09-05 10:09:19,ASK,13.79,4200
726,2016-09-05 10:09:19,TRADE,13.78,500
727,2016-09-05 10:09:19,BID,13.78,13500
728,2016-09-05 10:09:19,TRADE,13.79,100
729,2016-09-05 10:09:19,ASK,13.79,4100
730,2016-09-05 10:09:19,TRADE,13.78,500
731,2016-09-05 10:09:19,BID,13.78,13000
732,2016-09-05 10:09:19,TRADE,13.78,500
733,2016-09-05 10:09:19,BID,13.78,12500
734,2016-09-05 10:09:19,TRADE,13.79,200
735,2016-09-05 10:09:19,ASK,13.79,3900
736,2016-09-05 10:09:19,TRADE,13.78,500
737,2016-09-05 10:09:19,BID,13.78,12000
738,2016-09-05 10:09:19,TRADE,13.78,500
739,2016-09-05 10:09:19,BID,13.78,11500
740,2016-09-05 10:09:19,TRADE,13.79,300
741,2016-09-05 10:09:19,ASK,13.79,3600
742,2016-09-05 10:09:19,TRADE,13.78,200
743,2016-09-05 10:09:19,TRADE,13.78,300
744,2016-09-05 10:09:19,BID,13.78,11000
745,2016-09-05 10:09:19,TRADE,13.79,100
746,2016-09-05 10:09:19,ASK,13.79,3500
747,2016-09-05 10:09:19,TRADE,13.78,500
748,2016-09-05 10:09:19,BID,13.78,10500
749,2016-09-05 10:09:19,TRADE,13.79,200
750,2016-09-05 10:09:19,ASK,13.79,3300
751,2016-09-05 10:09:19,TRADE,13.78,500
752,2016-09-05 10:09:19,BID,13.78,10000
753,2016-09-05 10:09:19,TRADE,13.78,500
754,2016-09-05 10:09:19,BID,13.78,9500
755,2016-09-05 10:09:19,TRADE,13.79,200
756,2016-09-05 10:09:19,ASK,13.79,3100
757,2016-09-05 10:09:19,TRADE,13.78,500
758,2016-09-05 10:09:19,BID,13.78,9000
759,2016-09-05 10:09:19,TRADE,13.78,500
760,2016-09-05 10:09:19,BID,13.78,8500
761,2016-09-05 10:09:19,TRADE,13.79,200
762,2016-09-05 10:09:19,ASK,13.79,2900
763,2016-09-05 10:09:19,TRADE,13.78,500
764,2016-09-05 10:09:19,BID,13.78,8000
766,2016-09-05 10:09:19,TRADE,13.78,500
767,2016-09-05 10:09:19,BID,13.78,7500
768,2016-09-05 10:09:19,TRADE,13.79,300
769,2016-09-05 10:09:19,ASK,13.79,2600
770,2016-09-05 10:09:19,TRADE,13.78,500
771,2016-09-05 10:09:19,BID,13.78,7000
772,2016-09-05 10:09:19,TRADE,13.78,500
773,2016-09-05 10:09:19,BID,13.78,6500
774,2016-09-05 10:09:19,TRADE,13.79,100
775,2016-09-05 10:09:19,ASK,13.79,2500
776,2016-09-05 10:09:19,TRADE,13.79,100
777,2016-09-05 10:09:19,BID,13.78,4000
778,2016-09-05 10:09:19,ASK,13.79,2400
779,2016-09-05 10:09:19,TRADE,13.78,500
780,2016-09-05 10:09:19,BID,13.78,3500
781,2016-09-05 10:09:19,TRADE,13.79,2400
782,2016-09-05 10:09:19,ASK,13.8,19500
783,2016-09-05 10:09:19,TRADE,13.8,600
783,2016-09-05 10:09:19,ASK,13.8,18900
784,2016-09-05 10:09:19,TRADE,13.78,500
785,2016-09-05 10:09:19,BID,13.78,3000
787,2016-09-05 10:09:19,TRADE,13.78,500
788,2016-09-05 10:09:19,BID,13.78,2500
789,2016-09-05 10:09:19,TRADE,13.78,500
790,2016-09-05 10:09:19,BID,13.78,2000
791,2016-09-05 10:09:19,TRADE,13.78,500
792,2016-09-05 10:09:19,BID,13.78,1500
793,2016-09-05 10:09:19,TRADE,13.78,500
794,2016-09-05 10:09:19,BID,13.78,1000
795,2016-09-05 10:09:19,TRADE,13.78,400
796,2016-09-05 10:09:19,BID,13.78,600
798,2016-09-05 10:09:19,ASK,13.79,5000
799,2016-09-05 10:09:19,TRADE,13.78,600
800,2016-09-05 10:09:19,BID,13.77,19800
801,2016-09-05 10:09:19,ASK,13.79,6500
802,2016-09-05 10:09:19,ASK,13.79,5000
803,2016-09-05 10:09:19,ASK,13.79,6500
804,2016-09-05 10:09:19,ASK,13.79,5000
805,2016-09-05 10:09:19,ASK,13.79,6500
806,2016-09-05 10:09:19,ASK,13.79,5000
807,2016-09-05 10:09:19,ASK,13.79,5200
808,2016-09-05 10:09:19,ASK,13.79,6700
809,2016-09-05 10:09:19,ASK,13.79,5200
810,2016-09-05 10:09:19,ASK,13.79,5000
811,2016-09-05 10:09:19,TRADE,13.77,600
812,2016-09-05 10:09:19,BID,13.77,19200
813,2016-09-05 10:09:19,TRADE,13.77,600
814,2016-09-05 10:09:19,BID,13.77,18600
815,2016-09-05 10:09:19,TRADE,13.77,300
816,2016-09-05 10:09:19,BID,13.77,18300
817,2016-09-05 10:09:19,TRADE,13.77,600
818,2016-09-05 10:09:19,BID,13.77,17700
819,2016-09-05 10:09:19,TRADE,13.77,300
820,2016-09-05 10:09:19,BID,13.77,17400
821,2016-09-05 10:09:19,TRADE,13.79,800
822,2016-09-05 10:09:19,ASK,13.79,4200
823,2016-09-05 10:09:19,TRADE,13.79,900
824,2016-09-05 10:09:19,ASK,13.79,3300
825,2016-09-05 10:09:19,BID,13.78,5000
827,2016-09-05 10:09:19,TRADE,13.79,1300
828,2016-09-05 10:09:19,ASK,13.79,2000
829,2016-09-05 10:09:19,TRADE,13.79,1500
830,2016-09-05 10:09:19,ASK,13.79,500
832,2016-09-05 10:09:19,TRADE,13.79,500
833,2016-09-05 10:09:19,BID,13.79,9500
834,2016-09-05 10:09:19,ASK,13.8,20200
837,2016-09-05 10:09:19,TRADE,13.8,500
838,2016-09-05 10:09:19,ASK,13.8,19700
839,2016-09-05 10:09:19,TRADE,13.8,700
840,2016-09-05 10:09:19,ASK,13.8,19000
841,2016-09-05 10:09:19,ASK,13.8,17700
842,2016-09-05 10:09:19,TRADE,13.79,600
843,2016-09-05 10:09:19,BID,13.79,8900
844,2016-09-05 10:09:19,ASK,13.8,18400
845,2016-09-05 10:09:19,TRADE,13.8,400
846,2016-09-05 10:09:19,ASK,13.8,18000
847,2016-09-05 10:09:19,TRADE,13.8,300
848,2016-09-05 10:09:19,ASK,13.8,17700
849,2016-09-05 10:09:19,TRADE,13.79,700
850,2016-09-05 10:09:19,BID,13.79,8200
851,2016-09-05 10:09:19,ASK,13.8,17000
852,2016-09-05 10:09:19,TRADE,13.8,100
853,2016-09-05 10:09:19,ASK,13.8,16900
854,2016-09-05 10:09:19,TRADE,13.8,200
855,2016-09-05 10:09:19,ASK,13.8,16700
856,2016-09-05 10:09:19,TRADE,13.8,200
857,2016-09-05 10:09:19,ASK,13.8,16500
858,2016-09-05 10:09:19,TRADE,13.8,200
859,2016-09-05 10:09:19,ASK,13.8,16300
860,2016-09-05 10:09:19,TRADE,13.8,2600
861,2016-09-05 10:09:19,ASK,13.8,13700
862,2016-09-05 10:09:19,TRADE,13.8,600
863,2016-09-05 10:09:19,ASK,13.8,13100
864,2016-09-05 10:09:19,TRADE,13.8,800
865,2016-09-05 10:09:19,ASK,13.8,12300
866,2016-09-05 10:09:19,TRADE,13.8,100
867,2016-09-05 10:09:19,TRADE,13.8,100
868,2016-09-05 10:09:19,ASK,13.8,12100
869,2016-09-05 10:09:19,TRADE,13.8,200
870,2016-09-05 10:09:19,ASK,13.8,11900
871,2016-09-05 10:09:19,TRADE,13.8,100
872,2016-09-05 10:09:19,ASK,13.8,11800
873,2016-09-05 10:09:19,TRADE,13.8,100
874,2016-09-05 10:09:19,ASK,13.8,11700
875,2016-09-05 10:09:19,TRADE,13.8,100
876,2016-09-05 10:09:19,ASK,13.8,11600
877,2016-09-05 10:09:19,BID,13.79,11300
878,2016-09-05 10:09:19,BID,13.79,13400
879,2016-09-05 10:09:19,BID,13.79,18400
882,2016-09-05 10:09:20,ASK,13.8,11500
883,2016-09-05 10:09:20,TRADE,13.79,500
884,2016-09-05 10:09:20,BID,13.79,17900
887,2016-09-05 10:09:20,ASK,13.8,13500
888,2016-09-05 10:09:20,ASK,13.8,14000
889,2016-09-05 10:09:20,BID,13.79,20300
890,2016-09-05 10:09:20,ASK,13.8,26500
891,2016-09-05 10:09:21,TRADE,13.8,2500
892,2016-09-05 10:09:21,ASK,13.8,24000
893,2016-09-05 10:09:22,TRADE,13.79,300
894,2016-09-05 10:09:22,BID,13.79,20000
895,2016-09-05 10:09:22,TRADE,13.79,200
896,2016-09-05 10:09:22,BID,13.79,19800
897,2016-09-05 10:09:22,ASK,13.8,24100
898,2016-09-05 10:09:23,TRADE,13.8,1900
899,2016-09-05 10:09:23,TRADE,13.8,100
900,2016-09-05 10:09:23,TRADE,13.8,6000
901,2016-09-05 10:09:23,ASK,13.8,16100
902,2016-09-05 10:09:23,ASK,13.8,21100
903,2016-09-05 10:09:23,TRADE,13.8,400
904,2016-09-05 10:09:23,BID,13.79,17700
905,2016-09-05 10:09:23,ASK,13.8,20700
906,2016-09-05 10:09:23,TRADE,13.8,600
907,2016-09-05 10:09:23,TRADE,13.8,400
908,2016-09-05 10:09:23,ASK,13.8,19700
909,2016-09-05 10:09:23,TRADE,13.8,1000
910,2016-09-05 10:09:23,ASK,13.8,18700
911,2016-09-05 10:09:23,TRADE,13.8,200
912,2016-09-05 10:09:23,ASK,13.8,18500
913,2016-09-05 10:09:23,ASK,13.8,20100
914,2016-09-05 10:09:23,BID,13.79,19900
915,2016-09-05 10:09:24,TRADE,13.8,500
916,2016-09-05 10:09:24,TRADE,13.8,6500
917,2016-09-05 10:09:24,ASK,13.8,13100
918,2016-09-05 10:09:24,ASK,13.8,7100
919,2016-09-05 10:09:24,TRADE,13.8,100
920,2016-09-05 10:09:24,TRADE,13.8,700
921,2016-09-05 10:09:24,BID,13.79,16800
922,2016-09-05 10:09:24,ASK,13.8,6300
923,2016-09-05 10:09:24,ASK,13.8,6800
924,2016-09-05 10:09:24,TRADE,13.8,200
925,2016-09-05 10:09:24,ASK,13.8,6600
926,2016-09-05 10:09:24,TRADE,13.8,4100
927,2016-09-05 10:09:24,TRADE,13.8,2000
928,2016-09-05 10:09:24,TRADE,13.8,500
929,2016-09-05 10:09:24,BID,13.8,93400
930,2016-09-05 10:09:24,ASK,13.81,20000
931,2016-09-05 10:09:24,ASK,13.81,7500
934,2016-09-05 10:09:24,TRADE,13.81,1200
935,2016-09-05 10:09:24,ASK,13.81,6300
936,2016-09-05 10:09:24,TRADE,13.81,800
937,2016-09-05 10:09:24,ASK,13.81,5500
938,2016-09-05 10:09:24,TRADE,13.81,200
939,2016-09-05 10:09:24,TRADE,13.81,100
940,2016-09-05 10:09:24,ASK,13.81,5200
941,2016-09-05 10:09:24,TRADE,13.8,1000
942,2016-09-05 10:09:24,BID,13.8,92400
943,2016-09-05 10:09:24,ASK,13.81,10200
944,2016-09-05 10:09:24,TRADE,13.8,2000
945,2016-09-05 10:09:24,BID,13.8,90400
946,2016-09-05 10:09:24,TRADE,13.81,500
947,2016-09-05 10:09:24,ASK,13.81,9700
948,2016-09-05 10:09:24,TRADE,13.81,300
949,2016-09-05 10:09:24,ASK,13.81,9400
950,2016-09-05 10:09:24,ASK,13.81,9900
951,2016-09-05 10:09:24,TRADE,13.81,700
952,2016-09-05 10:09:24,ASK,13.81,9200
953,2016-09-05 10:09:24,TRADE,13.81,500
954,2016-09-05 10:09:24,ASK,13.81,8700
955,2016-09-05 10:09:24,TRADE,13.81,500
956,2016-09-05 10:09:24,ASK,13.81,8200
957,2016-09-05 10:09:24,TRADE,13.81,300
958,2016-09-05 10:09:24,ASK,13.81,7900
959,2016-09-05 10:09:24,TRADE,13.81,300
960,2016-09-05 10:09:24,ASK,13.81,7600
961,2016-09-05 10:09:24,TRADE,13.8,2000
962,2016-09-05 10:09:24,BID,13.8,88400
963,2016-09-05 10:09:24,TRADE,13.81,500
964,2016-09-05 10:09:24,ASK,13.81,7100
965,2016-09-05 10:09:24,TRADE,13.81,500
966,2016-09-05 10:09:24,ASK,13.81,6600
967,2016-09-05 10:09:24,TRADE,13.81,100
968,2016-09-05 10:09:24,ASK,13.81,6500
969,2016-09-05 10:09:24,TRADE,13.81,200
970,2016-09-05 10:09:24,ASK,13.81,6300
971,2016-09-05 10:09:24,ASK,13.81,6400
972,2016-09-05 10:09:24,TRADE,13.81,100
973,2016-09-05 10:09:24,ASK,13.81,6300
974,2016-09-05 10:09:24,TRADE,13.81,100
975,2016-09-05 10:09:24,ASK,13.81,6200
977,2016-09-05 10:09:24,TRADE,13.8,200
978,2016-09-05 10:09:24,BID,13.8,88200
979,2016-09-05 10:09:24,TRADE,13.81,100
980,2016-09-05 10:09:24,ASK,13.81,6100
981,2016-09-05 10:09:24,TRADE,13.81,300
982,2016-09-05 10:09:24,TRADE,13.81,200
983,2016-09-05 10:09:24,TRADE,13.81,600
984,2016-09-05 10:09:24,ASK,13.81,5000
985,2016-09-05 10:09:24,TRADE,13.81,100
986,2016-09-05 10:09:24,ASK,13.81,4900
987,2016-09-05 10:09:24,TRADE,13.81,3200
988,2016-09-05 10:09:24,ASK,13.81,1700
989,2016-09-05 10:09:24,ASK,13.81,1900
990,2016-09-05 10:09:24,TRADE,13.81,1100
991,2016-09-05 10:09:24,TRADE,13.81,500
992,2016-09-05 10:09:24,TRADE,13.81,100
993,2016-09-05 10:09:24,ASK,13.81,200
994,2016-09-05 10:09:24,TRADE,13.81,200
995,2016-09-05 10:09:24,BID,13.81,800
996,2016-09-05 10:09:24,ASK,13.82,30000
999,2016-09-05 10:09:24,TRADE,13.82,200
1000,2016-09-05 10:09:24,TRADE,13.82,500
1001,2016-09-05 10:09:24,ASK,13.82,29300
1002,2016-09-05 10:09:24,TRADE,13.81,200
1003,2016-09-05 10:09:24,BID,13.81,600
1004,2016-09-05 10:09:24,BID,13.81,5600
1005,2016-09-05 10:09:24,BID,13.81,8200
1006,2016-09-05 10:09:24,TRADE,13.81,200
1007,2016-09-05 10:09:24,BID,13.81,8000
1008,2016-09-05 10:09:24,ASK,13.82,28600
1009,2016-09-05 10:09:24,TRADE,13.81,200
1010,2016-09-05 10:09:24,BID,13.81,7800
1011,2016-09-05 10:09:24,ASK,13.82,29300
1012,2016-09-05 10:09:24,ASK,13.82,29400
1013,2016-09-05 10:09:24,ASK,13.82,29500
1014,2016-09-05 10:09:24,TRADE,13.81,200
1015,2016-09-05 10:09:24,BID,13.81,7600
1016,2016-09-05 10:09:24,ASK,13.82,28800
1017,2016-09-05 10:09:24,TRADE,13.82,300
1018,2016-09-05 10:09:24,TRADE,13.82,400
1019,2016-09-05 10:09:24,ASK,13.82,28100
1020,2016-09-05 10:09:24,TRADE,13.81,100
1021,2016-09-05 10:09:24,BID,13.81,7500
1022,2016-09-05 10:09:24,TRADE,13.82,100
1023,2016-09-05 10:09:24,ASK,13.82,28000
1024,2016-09-05 10:09:24,TRADE,13.81,200
1025,2016-09-05 10:09:24,BID,13.81,7300
1026,2016-09-05 10:09:24,TRADE,13.81,200
1027,2016-09-05 10:09:24,BID,13.81,7100
1028,2016-09-05 10:09:24,TRADE,13.82,100
1029,2016-09-05 10:09:24,ASK,13.82,27900
1030,2016-09-05 10:09:24,TRADE,13.81,200
1031,2016-09-05 10:09:24,BID,13.81,6900
1032,2016-09-05 10:09:24,TRADE,13.82,100
1033,2016-09-05 10:09:24,ASK,13.82,27800
1034,2016-09-05 10:09:24,TRADE,13.81,100
1035,2016-09-05 10:09:24,BID,13.81,6800
1036,2016-09-05 10:09:24,BID,13.81,10600
1037,2016-09-05 10:09:24,TRADE,13.81,200
1038,2016-09-05 10:09:24,BID,13.81,10400
1039,2016-09-05 10:09:24,TRADE,13.81,200
1040,2016-09-05 10:09:24,BID,13.81,10200
1041,2016-09-05 10:09:24,TRADE,13.81,200
1042,2016-09-05 10:09:24,BID,13.81,10000
1043,2016-09-05 10:09:24,TRADE,13.81,100
1044,2016-09-05 10:09:24,BID,13.81,9900
1045,2016-09-05 10:09:24,TRADE,13.81,100
1046,2016-09-05 10:09:24,BID,13.81,9800
1047,2016-09-05 10:09:24,TRADE,13.81,200
1048,2016-09-05 10:09:24,BID,13.81,9600
1049,2016-09-05 10:09:25,ASK,13.82,28000
1050,2016-09-05 10:09:25,ASK,13.82,28200
1051,2016-09-05 10:09:25,TRADE,13.82,300
1052,2016-09-05 10:09:25,ASK,13.82,27900
1055,2016-09-05 10:09:25,TRADE,13.82,300
1056,2016-09-05 10:09:25,ASK,13.82,27600
1057,2016-09-05 10:09:25,TRADE,13.81,800
1058,2016-09-05 10:09:25,BID,13.81,8800
1059,2016-09-05 10:09:25,TRADE,13.81,500
1060,2016-09-05 10:09:25,BID,13.81,8300
1062,2016-09-05 10:09:25,BID,13.81,8400
1063,2016-09-05 10:09:25,TRADE,13.81,500
1064,2016-09-05 10:09:25,BID,13.81,7900
1065,2016-09-05 10:09:26,ASK,13.82,27700
1066,2016-09-05 10:09:26,TRADE,13.82,100
1067,2016-09-05 10:09:26,BID,13.81,7800
1068,2016-09-05 10:09:26,ASK,13.82,27600
1069,2016-09-05 10:09:28,TRADE,13.81,1000
1070,2016-09-05 10:09:28,BID,13.81,6800
1071,2016-09-05 10:09:28,TRADE,13.81,400
1072,2016-09-05 10:09:28,TRADE,13.81,2600
1073,2016-09-05 10:09:28,TRADE,13.81,3800
1074,2016-09-05 10:09:28,BID,13.8,108500
1076,2016-09-05 10:09:28,BID,13.8,110800
1077,2016-09-05 10:09:28,BID,13.81,200
1079,2016-09-05 10:09:28,TRADE,13.81,200
1080,2016-09-05 10:09:28,BID,13.8,110800
1083,2016-09-05 10:09:29,BID,13.8,110900
1084,2016-09-05 10:09:29,BID,13.81,100
1085,2016-09-05 10:09:29,TRADE,13.81,100
1086,2016-09-05 10:09:29,BID,13.8,110900
1087,2016-09-05 10:09:30,BID,13.8,111200
1088,2016-09-05 10:09:30,BID,13.8,113900
1089,2016-09-05 10:09:32,TRADE,13.82,5000
1090,2016-09-05 10:09:32,ASK,13.82,22600
1091,2016-09-05 10:09:32,BID,13.8,114000
1092,2016-09-05 10:09:33,ASK,13.82,22700
1093,2016-09-05 10:09:33,ASK,13.82,23100
1094,2016-09-05 10:09:34,BID,13.8,120500
1095,2016-09-05 10:09:34,BID,13.8,120600
1096,2016-09-05 10:09:34,TRADE,13.82,700
1097,2016-09-05 10:09:34,ASK,13.82,22400
1098,2016-09-05 10:09:35,BID,13.8,121900
1099,2016-09-05 10:09:35,BID,13.8,124900
1100,2016-09-05 10:09:36,TRADE,13.82,600
1101,2016-09-05 10:09:36,ASK,13.82,21800
1102,2016-09-05 10:09:36,BID,13.8,129100
1103,2016-09-05 10:09:38,BID,13.81,2000
1104,2016-09-05 10:09:38,BID,13.81,7000
1105,2016-09-05 10:09:38,BID,13.81,9300
1106,2016-09-05 10:09:38,TRADE,13.82,200
1107,2016-09-05 10:09:38,ASK,13.82,21600
1108,2016-09-05 10:09:38,TRADE,13.82,100
1109,2016-09-05 10:09:38,ASK,13.82,21500
1110,2016-09-05 10:09:38,BID,13.81,12000
1111,2016-09-05 10:09:38,ASK,13.82,21300
1112,2016-09-05 10:09:39,TRADE,13.82,2000
1113,2016-09-05 10:09:39,TRADE,13.82,5000
1114,2016-09-05 10:09:39,TRADE,13.82,100
1115,2016-09-05 10:09:39,TRADE,13.82,100
1116,2016-09-05 10:09:39,TRADE,13.82,7800
1117,2016-09-05 10:09:39,ASK,13.82,6300
1118,2016-09-05 10:09:39,ASK,13.82,1600
1119,2016-09-05 10:09:39,TRADE,13.82,400
1120,2016-09-05 10:09:39,BID,13.81,9300
1121,2016-09-05 10:09:39,ASK,13.82,1200
1122,2016-09-05 10:09:39,TRADE,13.82,200
1123,2016-09-05 10:09:39,TRADE,13.82,100
1124,2016-09-05 10:09:39,TRADE,13.82,100
1125,2016-09-05 10:09:39,TRADE,13.82,200
1126,2016-09-05 10:09:39,TRADE,13.82,100
1127,2016-09-05 10:09:39,TRADE,13.82,100
1128,2016-09-05 10:09:39,TRADE,13.82,400
1129,2016-09-05 10:09:39,ASK,13.83,32500
1131,2016-09-05 10:09:39,BID,13.82,1000
1133,2016-09-05 10:09:39,TRADE,13.83,1800
1134,2016-09-05 10:09:39,ASK,13.83,30700
1135,2016-09-05 10:09:39,ASK,13.83,32700
1136,2016-09-05 10:09:39,TRADE,13.83,400
1137,2016-09-05 10:09:39,ASK,13.83,32300
1138,2016-09-05 10:09:39,TRADE,13.82,100
1139,2016-09-05 10:09:39,BID,13.82,900
1140,2016-09-05 10:09:39,TRADE,13.82,900
1141,2016-09-05 10:09:39,BID,13.81,7000
1142,2016-09-05 10:09:39,TRADE,13.83,100
1143,2016-09-05 10:09:39,ASK,13.83,32200
1145,2016-09-05 10:09:39,BID,13.82,1200
1147,2016-09-05 10:09:39,TRADE,13.83,200
1148,2016-09-05 10:09:39,ASK,13.83,32000
1149,2016-09-05 10:09:40,BID,13.82,5500
1151,2016-09-05 10:09:40,BID,13.82,6200
1152,2016-09-05 10:09:40,BID,13.82,6400
1153,2016-09-05 10:09:40,ASK,13.83,32100
1154,2016-09-05 10:09:40,ASK,13.83,32200
1155,2016-09-05 10:09:42,BID,13.82,9200
1156,2016-09-05 10:09:42,BID,13.82,30200
1157,2016-09-05 10:09:42,BID,13.82,35200
1158,2016-09-05 10:09:42,TRADE,13.82,1000
1159,2016-09-05 10:09:42,BID,13.82,34200
1160,2016-09-05 10:09:42,ASK,13.83,30200
1161,2016-09-05 10:09:42,BID,13.82,35700
1162,2016-09-05 10:09:42,BID,13.82,35900
1163,2016-09-05 10:09:42,TRADE,13.83,2500
1164,2016-09-05 10:09:42,TRADE,13.83,200
1165,2016-09-05 10:09:42,TRADE,13.83,600
1166,2016-09-05 10:09:42,TRADE,13.83,5000
1167,2016-09-05 10:09:42,TRADE,13.83,700
1168,2016-09-05 10:09:42,ASK,13.83,21200
1169,2016-09-05 10:09:42,ASK,13.83,21300
1170,2016-09-05 10:09:42,ASK,13.83,26300
1171,2016-09-05 10:09:44,BID,13.82,36500
1172,2016-09-05 10:09:45,TRADE,13.83,600
1173,2016-09-05 10:09:45,ASK,13.83,25700
1174,2016-09-05 10:09:45,TRADE,13.82,200
1175,2016-09-05 10:09:45,TRADE,13.82,4300
1176,2016-09-05 10:09:45,TRADE,13.82,700
1177,2016-09-05 10:09:45,TRADE,13.82,200
1178,2016-09-05 10:09:45,TRADE,13.82,2800
1179,2016-09-05 10:09:45,TRADE,13.82,21000
1180,2016-09-05 10:09:45,TRADE,13.82,5000
1181,2016-09-05 10:09:45,TRADE,13.82,1500
1182,2016-09-05 10:09:45,TRADE,13.82,200
1183,2016-09-05 10:09:45,TRADE,13.82,600
1184,2016-09-05 10:09:45,BID,13.81,14100
1185,2016-09-05 10:09:45,TRADE,13.81,1500
1185,2016-09-05 10:09:45,BID,13.81,12600
1186,2016-09-05 10:09:45,ASK,13.82,5000
1189,2016-09-05 10:09:45,BID,13.81,16300
1190,2016-09-05 10:09:45,TRADE,13.82,900
1191,2016-09-05 10:09:45,ASK,13.82,4100
1192,2016-09-05 10:09:45,TRADE,13.82,4100
1193,2016-09-05 10:09:45,ASK,13.83,25700
1194,2016-09-05 10:09:45,TRADE,13.83,1100
1194,2016-09-05 10:09:45,ASK,13.83,24600
1196,2016-09-05 10:09:45,BID,13.82,300
1197,2016-09-05 10:09:45,BID,13.82,700
1199,2016-09-05 10:09:45,TRADE,13.83,1400
1200,2016-09-05 10:09:45,BID,13.82,400
1201,2016-09-05 10:09:45,ASK,13.83,23200
1202,2016-09-05 10:09:45,TRADE,13.83,1600
1203,2016-09-05 10:09:45,BID,13.81,12600
1204,2016-09-05 10:09:45,ASK,13.83,21600
1206,2016-09-05 10:09:45,TRADE,13.83,200
1207,2016-09-05 10:09:45,ASK,13.83,21400
1208,2016-09-05 10:09:45,TRADE,13.83,600
1209,2016-09-05 10:09:45,ASK,13.83,20800
1210,2016-09-05 10:09:45,TRADE,13.83,400
1211,2016-09-05 10:09:45,ASK,13.83,20400
1212,2016-09-05 10:09:45,TRADE,13.83,200
1213,2016-09-05 10:09:45,ASK,13.83,20200
1214,2016-09-05 10:09:45,TRADE,13.83,100
1215,2016-09-05 10:09:45,ASK,13.83,20100
1216,2016-09-05 10:09:45,TRADE,13.83,100
1217,2016-09-05 10:09:45,ASK,13.83,20000
1218,2016-09-05 10:09:45,BID,13.82,1800
1223,2016-09-05 10:09:45,ASK,13.83,20300
1224,2016-09-05 10:09:45,TRADE,13.83,2600
1225,2016-09-05 10:09:45,ASK,13.83,17700
1226,2016-09-05 10:09:45,BID,13.82,6800
1227,2016-09-05 10:09:45,TRADE,13.83,500
1228,2016-09-05 10:09:45,BID,13.82,5000
1229,2016-09-05 10:09:45,ASK,13.83,17200
1230,2016-09-05 10:09:45,TRADE,13.83,2400
1231,2016-09-05 10:09:45,TRADE,13.83,400
1232,2016-09-05 10:09:45,ASK,13.83,14400
1233,2016-09-05 10:09:45,TRADE,13.83,600
1234,2016-09-05 10:09:45,ASK,13.83,13800
1235,2016-09-05 10:09:45,TRADE,13.83,600
1236,2016-09-05 10:09:45,ASK,13.83,13200
1237,2016-09-05 10:09:45,TRADE,13.83,1000
1238,2016-09-05 10:09:45,ASK,13.83,12200
1239,2016-09-05 10:09:45,BID,13.82,10000
1240,2016-09-05 10:09:45,TRADE,13.83,1400
1241,2016-09-05 10:09:45,TRADE,13.83,100
1242,2016-09-05 10:09:45,ASK,13.83,10700
1244,2016-09-05 10:09:46,TRADE,13.83,800
1245,2016-09-05 10:09:46,ASK,13.83,9900
1246,2016-09-05 10:09:46,TRADE,13.83,100
1247,2016-09-05 10:09:46,ASK,13.83,9800
1248,2016-09-05 10:09:46,TRADE,13.83,100
1249,2016-09-05 10:09:46,ASK,13.83,9700
1250,2016-09-05 10:09:46,BID,13.82,13500
1251,2016-09-05 10:09:46,BID,13.82,19300
1252,2016-09-05 10:09:46,TRADE,13.83,1500
1253,2016-09-05 10:09:46,ASK,13.83,8200
1254,2016-09-05 10:09:46,ASK,13.83,8300
1255,2016-09-05 10:09:46,ASK,13.83,20800
1256,2016-09-05 10:09:48,BID,13.82,25100
1257,2016-09-05 10:09:48,TRADE,13.83,2400
1258,2016-09-05 10:09:48,TRADE,13.83,100
1259,2016-09-05 10:09:48,ASK,13.83,18300
1260,2016-09-05 10:09:49,TRADE,13.83,100
1261,2016-09-05 10:09:49,TRADE,13.83,100
1262,2016-09-05 10:09:49,TRADE,13.83,100
1263,2016-09-05 10:09:49,TRADE,13.83,100
1264,2016-09-05 10:09:49,TRADE,13.83,200
1265,2016-09-05 10:09:49,ASK,13.83,17700
1266,2016-09-05 10:09:49,ASK,13.83,17900
1267,2016-09-05 10:09:49,TRADE,13.82,1000
1268,2016-09-05 10:09:49,BID,13.82,24100
1269,2016-09-05 10:09:49,TRADE,13.83,3000
1270,2016-09-05 10:09:49,ASK,13.83,14900
1271,2016-09-05 10:09:50,ASK,13.83,13100
1272,2016-09-05 10:09:50,ASK,13.83,13200
1273,2016-09-05 10:09:50,ASK,13.83,16600
1274,2016-09-05 10:09:50,ASK,13.83,16700
1275,2016-09-05 10:09:51,ASK,13.83,17300
1276,2016-09-05 10:09:51,ASK,13.83,17100
1277,2016-09-05 10:09:51,TRADE,13.83,300
1278,2016-09-05 10:09:51,TRADE,13.83,100
1279,2016-09-05 10:09:51,TRADE,13.83,5600
1280,2016-09-05 10:09:51,ASK,13.83,11100
1281,2016-09-05 10:09:51,ASK,13.83,7700
1283,2016-09-05 10:09:52,TRADE,13.83,1400
1284,2016-09-05 10:09:52,ASK,13.83,6300
1285,2016-09-05 10:09:52,TRADE,13.83,700
1286,2016-09-05 10:09:52,ASK,13.83,5600
1287,2016-09-05 10:09:53,TRADE,13.82,4000
1288,2016-09-05 10:09:53,TRADE,13.82,5000
1289,2016-09-05 10:09:53,TRADE,13.82,3500
1290,2016-09-05 10:09:53,TRADE,13.82,2300
1291,2016-09-05 10:09:53,BID,13.82,9500
1292,2016-09-05 10:09:53,ASK,13.83,10600
1293,2016-09-05 10:09:53,BID,13.82,14500
1294,2016-09-05 10:09:53,TRADE,13.82,3500
1295,2016-09-05 10:09:53,TRADE,13.82,5800
1296,2016-09-05 10:09:53,TRADE,13.82,200
1297,2016-09-05 10:09:53,BID,13.82,5000
1298,2016-09-05 10:09:53,BID,13.82,10000
1299,2016-09-05 10:09:53,TRADE,13.83,900
1300,2016-09-05 10:09:53,ASK,13.83,9700
1301,2016-09-05 10:09:53,TRADE,13.83,1500
1302,2016-09-05 10:09:53,ASK,13.83,8200
1303,2016-09-05 10:09:53,TRADE,13.83,1100
1304,2016-09-05 10:09:53,ASK,13.83,7100
1305,2016-09-05 10:09:53,TRADE,13.83,100
1306,2016-09-05 10:09:53,ASK,13.83,7000
1307,2016-09-05 10:09:53,TRADE,13.83,200
1308,2016-09-05 10:09:53,ASK,13.83,6800
1309,2016-09-05 10:09:53,BID,13.82,13900
1310,2016-09-05 10:09:53,TRADE,13.83,1000
1311,2016-09-05 10:09:53,TRADE,13.83,100
1312,2016-09-05 10:09:53,TRADE,13.83,100
1313,2016-09-05 10:09:53,TRADE,13.83,600
1314,2016-09-05 10:09:53,TRADE,13.83,5000
1315,2016-09-05 10:09:53,ASK,13.84,49900
1316,2016-09-05 10:09:53,TRADE,13.84,100
1317,2016-09-05 10:09:53,TRADE,13.84,100
1317,2016-09-05 10:09:53,ASK,13.84,49700
1318,2016-09-05 10:09:53,ASK,13.84,49500
1319,2016-09-05 10:09:53,TRADE,13.84,300
1320,2016-09-05 10:09:53,ASK,13.84,49200
1321,2016-09-05 10:09:53,TRADE,13.84,300
1322,2016-09-05 10:09:53,ASK,13.84,48900
1323,2016-09-05 10:09:53,ASK,13.83,8000
1324,2016-09-05 10:09:54,TRADE,13.83,100
1325,2016-09-05 10:09:54,ASK,13.83,7900
1326,2016-09-05 10:09:54,BID,13.82,19200
1327,2016-09-05 10:09:54,TRADE,13.83,100
1328,2016-09-05 10:09:54,ASK,13.83,7800
1329,2016-09-05 10:09:54,TRADE,13.82,100
1330,2016-09-05 10:09:54,BID,13.82,19100
1331,2016-09-05 10:09:54,BID,13.82,27100
1332,2016-09-05 10:09:54,ASK,13.83,20300
1333,2016-09-05 10:09:54,ASK,13.83,20600
1334,2016-09-05 10:09:54,TRADE,13.83,2000
1335,2016-09-05 10:09:54,ASK,13.83,18600
1336,2016-09-05 10:09:54,BID,13.82,28100
1337,2016-09-05 10:09:55,BID,13.82,28200
1338,2016-09-05 10:09:56,TRADE,13.83,1700
1339,2016-09-05 10:09:56,ASK,13.83,16900
1340,2016-09-05 10:09:57,TRADE,13.83,4100
1341,2016-09-05 10:09:57,TRADE,13.83,5700
1342,2016-09-05 10:09:57,ASK,13.83,7100
1343,2016-09-05 10:09:57,ASK,13.83,300
1344,2016-09-05 10:09:57,TRADE,13.83,300
1345,2016-09-05 10:09:57,BID,13.82,23200
1346,2016-09-05 10:09:57,ASK,13.84,48900
1347,2016-09-05 10:09:57,TRADE,13.84,400
1348,2016-09-05 10:09:57,BID,13.82,19300
1349,2016-09-05 10:09:57,ASK,13.84,48500
1350,2016-09-05 10:09:57,TRADE,13.84,200
1351,2016-09-05 10:09:57,ASK,13.84,48300
1352,2016-09-05 10:09:57,TRADE,13.84,200
1353,2016-09-05 10:09:57,ASK,13.84,48100
1354,2016-09-05 10:09:57,BID,13.83,3500
1355,2016-09-05 10:09:57,TRADE,13.84,100
1356,2016-09-05 10:09:57,ASK,13.84,48000
1357,2016-09-05 10:09:57,BID,13.83,8500
1359,2016-09-05 10:09:57,TRADE,13.84,100
1360,2016-09-05 10:09:57,BID,13.83,5000
1361,2016-09-05 10:09:57,ASK,13.84,47900
1362,2016-09-05 10:09:57,TRADE,13.84,300
1363,2016-09-05 10:09:57,TRADE,13.84,1400
1364,2016-09-05 10:09:57,ASK,13.84,46200
1365,2016-09-05 10:09:57,TRADE,13.84,300
1366,2016-09-05 10:09:57,ASK,13.84,45900
1367,2016-09-05 10:09:57,TRADE,13.84,1000
1368,2016-09-05 10:09:57,ASK,13.84,44900
1369,2016-09-05 10:09:57,TRADE,13.84,200
1370,2016-09-05 10:09:57,ASK,13.84,44700
1371,2016-09-05 10:09:57,TRADE,13.84,1000
1372,2016-09-05 10:09:57,ASK,13.84,43700
1373,2016-09-05 10:09:57,TRADE,13.84,200
1374,2016-09-05 10:09:57,ASK,13.84,43500
1375,2016-09-05 10:09:57,TRADE,13.84,900
1376,2016-09-05 10:09:57,TRADE,13.84,100
1377,2016-09-05 10:09:57,ASK,13.84,42500
1378,2016-09-05 10:09:57,ASK,13.84,46600
1379,2016-09-05 10:09:57,TRADE,13.84,200
1380,2016-09-05 10:09:57,ASK,13.84,46400
1381,2016-09-05 10:09:57,TRADE,13.84,200
1382,2016-09-05 10:09:57,ASK,13.84,46200
1383,2016-09-05 10:09:57,TRADE,13.84,100
1384,2016-09-05 10:09:57,ASK,13.84,46100
1385,2016-09-05 10:09:57,TRADE,13.84,100
1386,2016-09-05 10:09:57,ASK,13.84,46000
1387,2016-09-05 10:09:57,TRADE,13.84,3200
1388,2016-09-05 10:09:57,ASK,13.84,42800
1389,2016-09-05 10:09:57,TRADE,13.84,700
1390,2016-09-05 10:09:57,ASK,13.84,42100
1391,2016-09-05 10:09:57,TRADE,13.84,3000
1392,2016-09-05 10:09:57,ASK,13.84,39100
1393,2016-09-05 10:09:57,TRADE,13.84,700
1394,2016-09-05 10:09:57,ASK,13.84,38400
1395,2016-09-05 10:09:57,TRADE,13.84,1300
1396,2016-09-05 10:09:57,ASK,13.84,37100
1397,2016-09-05 10:09:57,TRADE,13.84,400
1398,2016-09-05 10:09:57,ASK,13.84,36700
1399,2016-09-05 10:09:57,TRADE,13.84,300
1400,2016-09-05 10:09:57,ASK,13.84,36400
1401,2016-09-05 10:09:57,TRADE,13.84,200
1402,2016-09-05 10:09:57,ASK,13.84,36200
1403,2016-09-05 10:09:57,TRADE,13.84,100
1404,2016-09-05 10:09:57,ASK,13.84,36100
1405,2016-09-05 10:09:57,BID,13.83,9300
1406,2016-09-05 10:09:57,TRADE,13.84,100
1407,2016-09-05 10:09:57,ASK,13.84,36000
1408,2016-09-05 10:09:57,ASK,13.84,35900
1409,2016-09-05 10:09:57,BID,13.83,14300
1410,2016-09-05 10:09:57,BID,13.83,19300
1411,2016-09-05 10:09:57,ASK,13.84,31800
1412,2016-09-05 10:09:57,BID,13.83,24400
1417,2016-09-05 10:09:58,BID,13.83,29600
1418,2016-09-05 10:09:58,ASK,13.84,32000
1419,2016-09-05 10:09:58,TRADE,13.84,700
1420,2016-09-05 10:09:58,ASK,13.84,31300
1421,2016-09-05 10:09:58,TRADE,13.83,500
1422,2016-09-05 10:09:58,BID,13.83,29100
1423,2016-09-05 10:09:58,BID,13.83,32100
1424,2016-09-05 10:09:59,TRADE,13.83,1000
1425,2016-09-05 10:09:59,BID,13.83,31100
1426,2016-09-05 10:09:59,BID,13.83,131100
1427,2016-09-05 10:09:59,TRADE,13.83,3500
1428,2016-09-05 10:09:59,TRADE,13.83,4300
1429,2016-09-05 10:09:59,TRADE,13.83,200
1430,2016-09-05 10:09:59,BID,13.83,123100
1431,2016-09-05 10:09:59,BID,13.83,125300
1432,2016-09-05 10:09:59,BID,13.83,125400
1433,2016-09-05 10:09:59,BID,13.83,125500
1434,2016-09-05 10:10:00,BID,13.83,150500
1435,2016-09-05 10:10:00,BID,13.83,150600
1436,2016-09-05 10:10:00,TRADE,13.84,100
1437,2016-09-05 10:10:00,BID,13.83,150500
1438,2016-09-05 10:10:00,ASK,13.84,31200
1439,2016-09-05 10:10:00,ASK,13.84,31000
1440,2016-09-05 10:10:00,TRADE,13.84,100
1441,2016-09-05 10:10:00,ASK,13.84,30900
1442,2016-09-05 10:10:01,BID,13.83,150900
1443,2016-09-05 10:10:01,ASK,13.84,31000
1444,2016-09-05 10:10:01,TRADE,13.84,900
1445,2016-09-05 10:10:01,TRADE,13.84,1200
1446,2016-09-05 10:10:01,ASK,13.84,28900
1447,2016-09-05 10:10:02,ASK,13.84,41400
1448,2016-09-05 10:10:02,TRADE,13.84,5000
1449,2016-09-05 10:10:02,ASK,13.84,36400
1450,2016-09-05 10:10:02,BID,13.83,157900
1451,2016-09-05 10:10:04,TRADE,13.84,1200
1452,2016-09-05 10:10:04,ASK,13.84,35200
1453,2016-09-05 10:10:04,TRADE,13.83,400
1454,2016-09-05 10:10:04,BID,13.83,157500
1455,2016-09-05 10:10:04,TRADE,13.83,4400
1456,2016-09-05 10:10:04,TRADE,13.83,2800
1457,2016-09-05 10:10:04,BID,13.83,150300
1458,2016-09-05 10:10:04,ASK,13.84,40200
1459,2016-09-05 10:10:05,BID,13.83,155300
1460,2016-09-05 10:10:05,ASK,13.84,35200
1461,2016-09-05 10:10:05,TRADE,13.83,1000
1462,2016-09-05 10:10:05,BID,13.83,154300
1463,2016-09-05 10:10:05,TRADE,13.84,200
1464,2016-09-05 10:10:05,ASK,13.84,35000
1465,2016-09-05 10:10:05,BID,13.83,156800
1466,2016-09-05 10:10:05,BID,13.83,157200
1467,2016-09-05 10:10:07,TRADE,13.84,6200
1468,2016-09-05 10:10:07,ASK,13.84,28800
1469,2016-09-05 10:10:07,ASK,13.84,28900
1470,2016-09-05 10:10:08,BID,13.83,182200
1471,2016-09-05 10:10:08,BID,13.83,188700
1472,2016-09-05 10:10:08,BID,13.83,189700
1474,2016-09-05 10:10:12,BID,13.83,184600
1476,2016-09-05 10:10:12,ASK,13.84,33900
1477,2016-09-05 10:10:12,TRADE,13.84,200
1478,2016-09-05 10:10:12,ASK,13.84,33700
1479,2016-09-05 10:10:12,TRADE,13.84,10000
1480,2016-09-05 10:10:12,ASK,13.84,23700
1481,2016-09-05 10:10:12,ASK,13.84,23800
1482,2016-09-05 10:10:12,BID,13.83,219600
1483,2016-09-05 10:10:13,TRADE,13.83,1200
1484,2016-09-05 10:10:13,TRADE,13.83,300
1485,2016-09-05 10:10:13,BID,13.83,219500
1486,2016-09-05 10:10:13,BID,13.83,219700
1487,2016-09-05 10:10:13,TRADE,13.84,100
1488,2016-09-05 10:10:13,ASK,13.84,23700
1490,2016-09-05 10:10:13,ASK,13.84,23800
1491,2016-09-05 10:10:14,BID,13.83,226900
1492,2016-09-05 10:10:14,BID,13.83,226500
1493,2016-09-05 10:10:14,TRADE,13.84,1000
1494,2016-09-05 10:10:14,ASK,13.84,22800
1495,2016-09-05 10:10:15,TRADE,13.83,3000
1496,2016-09-05 10:10:15,BID,13.83,223500
1497,2016-09-05 10:10:15,TRADE,13.84,600
1498,2016-09-05 10:10:15,BID,13.83,221300
1499,2016-09-05 10:10:15,ASK,13.84,22200
1500,2016-09-05 10:10:15,TRADE,13.84,100
1501,2016-09-05 10:10:15,ASK,13.84,22100
1502,2016-09-05 10:10:15,ASK,13.84,22400
1503,2016-09-05 10:10:15,TRADE,13.84,1500
1504,2016-09-05 10:10:15,ASK,13.84,20900
1505,2016-09-05 10:10:16,BID,13.83,225500
1506,2016-09-05 10:10:16,TRADE,13.84,1000
1507,2016-09-05 10:10:16,ASK,13.84,19900
1508,2016-09-05 10:10:16,ASK,13.84,20000
1509,2016-09-05 10:10:16,TRADE,13.84,1000
1510,2016-09-05 10:10:16,ASK,13.84,19000
1511,2016-09-05 10:10:16,TRADE,13.84,700
1512,2016-09-05 10:10:16,TRADE,13.84,100
1513,2016-09-05 10:10:16,TRADE,13.84,200
1514,2016-09-05 10:10:16,ASK,13.84,18000
1515,2016-09-05 10:10:16,TRADE,13.84,900
1516,2016-09-05 10:10:16,ASK,13.84,17100
1517,2016-09-05 10:10:16,TRADE,13.84,2000
1518,2016-09-05 10:10:16,ASK,13.84,15100
1519,2016-09-05 10:10:16,TRADE,13.84,600
1520,2016-09-05 10:10:16,ASK,13.84,14500
1521,2016-09-05 10:10:16,TRADE,13.84,100
1522,2016-09-05 10:10:16,ASK,13.84,14400
1523,2016-09-05 10:10:16,ASK,13.84,14500
1524,2016-09-05 10:10:16,TRADE,13.84,100
1525,2016-09-05 10:10:16,ASK,13.84,14400
1526,2016-09-05 10:10:17,BID,13.83,226400
1527,2016-09-05 10:10:17,BID,13.83,231200
1528,2016-09-05 10:10:19,TRADE,13.84,200
1529,2016-09-05 10:10:19,ASK,13.84,14200
1530,2016-09-05 10:10:19,TRADE,13.83,1900
1531,2016-09-05 10:10:19,TRADE,13.83,3000
1532,2016-09-05 10:10:19,TRADE,13.83,13100
1533,2016-09-05 10:10:19,BID,13.83,213200
1534,2016-09-05 10:10:19,TRADE,13.84,2100
1535,2016-09-05 10:10:19,BID,13.83,211800
1536,2016-09-05 10:10:19,ASK,13.84,12100
1537,2016-09-05 10:10:19,TRADE,13.84,600
1538,2016-09-05 10:10:19,ASK,13.84,11500
1539,2016-09-05 10:10:19,TRADE,13.84,500
1540,2016-09-05 10:10:19,ASK,13.84,11000
1541,2016-09-05 10:10:19,TRADE,13.84,200
1542,2016-09-05 10:10:19,ASK,13.84,10800
1543,2016-09-05 10:10:19,TRADE,13.84,100
1544,2016-09-05 10:10:19,ASK,13.84,10700
1545,2016-09-05 10:10:19,TRADE,13.84,100
1546,2016-09-05 10:10:19,ASK,13.84,10600
1547,2016-09-05 10:10:19,ASK,13.84,10700
1548,2016-09-05 10:10:19,TRADE,13.84,4800
1549,2016-09-05 10:10:19,TRADE,13.84,100
1550,2016-09-05 10:10:19,ASK,13.84,5800
1551,2016-09-05 10:10:19,TRADE,13.84,500
1552,2016-09-05 10:10:19,BID,13.83,207000
1553,2016-09-05 10:10:19,ASK,13.84,5300
1554,2016-09-05 10:10:19,TRADE,13.84,2800
1555,2016-09-05 10:10:19,ASK,13.84,2500
1556,2016-09-05 10:10:19,TRADE,13.84,600
1557,2016-09-05 10:10:19,ASK,13.84,1900
1558,2016-09-05 10:10:19,TRADE,13.84,1100
1559,2016-09-05 10:10:19,TRADE,13.84,100
1560,2016-09-05 10:10:19,TRADE,13.84,100
1561,2016-09-05 10:10:19,ASK,13.84,600
1562,2016-09-05 10:10:19,TRADE,13.84,300
1563,2016-09-05 10:10:19,ASK,13.84,300
1564,2016-09-05 10:10:19,TRADE,13.84,100
1565,2016-09-05 10:10:19,TRADE,13.84,100
1566,2016-09-05 10:10:19,ASK,13.84,100
1568,2016-09-05 10:10:19,TRADE,13.84,100
1569,2016-09-05 10:10:19,ASK,13.85,203100
1570,2016-09-05 10:10:19,TRADE,13.85,100
1570,2016-09-05 10:10:19,ASK,13.85,203000
1571,2016-09-05 10:10:19,BID,13.84,200
1573,2016-09-05 10:10:19,BID,13.84,1100
1574,2016-09-05 10:10:19,BID,13.84,6100
1575,2016-09-05 10:10:19,TRADE,13.84,200
1576,2016-09-05 10:10:19,TRADE,13.84,300
1577,2016-09-05 10:10:19,BID,13.84,5600
1578,2016-09-05 10:10:19,BID,13.84,5000
1579,2016-09-05 10:10:19,TRADE,13.85,100
1580,2016-09-05 10:10:19,ASK,13.85,202900
1581,2016-09-05 10:10:19,TRADE,13.85,100
1582,2016-09-05 10:10:19,TRADE,13.85,1000
1583,2016-09-05 10:10:19,TRADE,13.85,500
1584,2016-09-05 10:10:19,ASK,13.85,201300
1585,2016-09-05 10:10:19,TRADE,13.85,300
1586,2016-09-05 10:10:19,ASK,13.85,201000
1587,2016-09-05 10:10:19,TRADE,13.85,1100
1588,2016-09-05 10:10:19,ASK,13.85,199900
1589,2016-09-05 10:10:19,TRADE,13.85,300
1590,2016-09-05 10:10:19,ASK,13.85,199600
1591,2016-09-05 10:10:19,TRADE,13.85,1500
1592,2016-09-05 10:10:19,ASK,13.85,198100
1593,2016-09-05 10:10:19,TRADE,13.85,300
1594,2016-09-05 10:10:19,ASK,13.85,197800
1595,2016-09-05 10:10:19,TRADE,13.85,1300
1596,2016-09-05 10:10:19,ASK,13.85,196500
1597,2016-09-05 10:10:19,TRADE,13.85,100
1598,2016-09-05 10:10:19,ASK,13.85,196400
1599,2016-09-05 10:10:19,TRADE,13.85,500
1600,2016-09-05 10:10:19,ASK,13.85,195900
1601,2016-09-05 10:10:19,TRADE,13.85,100
1602,2016-09-05 10:10:19,TRADE,13.85,300
1603,2016-09-05 10:10:19,ASK,13.85,195500
1604,2016-09-05 10:10:19,TRADE,13.85,200
1605,2016-09-05 10:10:19,ASK,13.85,195300
1606,2016-09-05 10:10:19,TRADE,13.85,100
1607,2016-09-05 10:10:19,ASK,13.85,195200
1608,2016-09-05 10:10:19,TRADE,13.85,100
1609,2016-09-05 10:10:19,ASK,13.85,195100
1610,2016-09-05 10:10:19,BID,13.84,10000
1611,2016-09-05 10:10:19,BID,13.84,15000
1612,2016-09-05 10:10:20,TRADE,13.84,500
1613,2016-09-05 10:10:20,BID,13.84,14500
1616,2016-09-05 10:10:20,BID,13.84,20100
1618,2016-09-05 10:10:20,BID,13.84,21100
1619,2016-09-05 10:10:20,TRADE,13.84,100
1620,2016-09-05 10:10:20,BID,13.84,21000
1621,2016-09-05 10:10:20,ASK,13.85,195300
1622,2016-09-05 10:10:21,TRADE,13.85,400
1623,2016-09-05 10:10:21,ASK,13.85,194900
1624,2016-09-05 10:10:21,TRADE,13.84,100
1625,2016-09-05 10:10:21,BID,13.84,20900
1626,2016-09-05 10:10:21,ASK,13.85,195000
1627,2016-09-05 10:10:22,BID,13.84,45900
1628,2016-09-05 10:10:23,ASK,13.85,190000
1629,2016-09-05 10:10:23,BID,13.84,48900
1630,2016-09-05 10:10:24,TRADE,13.85,1000
1631,2016-09-05 10:10:24,ASK,13.85,189000
1632,2016-09-05 10:10:24,BID,13.84,49700
1633,2016-09-05 10:10:24,BID,13.84,50000
1634,2016-09-05 10:10:24,TRADE,13.84,800
1635,2016-09-05 10:10:24,BID,13.84,49200
1636,2016-09-05 10:10:24,TRADE,13.84,500
1637,2016-09-05 10:10:24,BID,13.84,48700
1638,2016-09-05 10:10:25,BID,13.84,49100
1639,2016-09-05 10:10:25,TRADE,13.85,1000
1640,2016-09-05 10:10:25,ASK,13.85,188000
1641,2016-09-05 10:10:25,BID,13.84,51100
1642,2016-09-05 10:10:25,ASK,13.85,187900
1643,2016-09-05 10:10:28,BID,13.84,56800
1644,2016-09-05 10:10:28,TRADE,13.85,36200
1645,2016-09-05 10:10:28,ASK,13.85,151700
1646,2016-09-05 10:10:28,TRADE,13.85,2700
1647,2016-09-05 10:10:28,BID,13.84,51800
1648,2016-09-05 10:10:28,ASK,13.85,149000
1649,2016-09-05 10:10:28,TRADE,13.85,200
1650,2016-09-05 10:10:28,BID,13.84,46800
1651,2016-09-05 10:10:28,ASK,13.85,148800
1652,2016-09-05 10:10:28,TRADE,13.85,600
1653,2016-09-05 10:10:28,ASK,13.85,148200
1654,2016-09-05 10:10:28,TRADE,13.85,200
1655,2016-09-05 10:10:28,ASK,13.85,148000
1656,2016-09-05 10:10:28,TRADE,13.85,100
1657,2016-09-05 10:10:28,ASK,13.85,147900
1658,2016-09-05 10:10:28,TRADE,13.85,5900
1659,2016-09-05 10:10:28,ASK,13.85,142000
1660,2016-09-05 10:10:28,TRADE,13.84,100
1661,2016-09-05 10:10:28,BID,13.84,46700
1662,2016-09-05 10:10:28,TRADE,13.85,3500
1663,2016-09-05 10:10:28,ASK,13.85,138500
1664,2016-09-05 10:10:28,TRADE,13.85,1200
1665,2016-09-05 10:10:28,ASK,13.85,137300
1666,2016-09-05 10:10:28,TRADE,13.85,1000
1667,2016-09-05 10:10:28,ASK,13.85,136300
1668,2016-09-05 10:10:28,TRADE,13.85,900
1669,2016-09-05 10:10:28,ASK,13.85,135400
1670,2016-09-05 10:10:28,TRADE,13.85,300
1671,2016-09-05 10:10:28,ASK,13.85,135100
1672,2016-09-05 10:10:28,TRADE,13.85,300
1673,2016-09-05 10:10:28,ASK,13.85,134800
1674,2016-09-05 10:10:28,ASK,13.85,135800
1675,2016-09-05 10:10:28,TRADE,13.85,100
1676,2016-09-05 10:10:28,ASK,13.85,135700
1677,2016-09-05 10:10:28,TRADE,13.85,100
1678,2016-09-05 10:10:28,ASK,13.85,135600
1679,2016-09-05 10:10:28,TRADE,13.85,100
1680,2016-09-05 10:10:28,ASK,13.85,135500
1681,2016-09-05 10:10:28,TRADE,13.85,100
1682,2016-09-05 10:10:28,ASK,13.85,135400
1683,2016-09-05 10:10:28,BID,13.84,51700
1684,2016-09-05 10:10:28,TRADE,13.85,1300
1685,2016-09-05 10:10:28,ASK,13.85,134100
1686,2016-09-05 10:10:28,TRADE,13.85,900
1687,2016-09-05 10:10:28,ASK,13.85,133200
1688,2016-09-05 10:10:28,TRADE,13.85,1700
1689,2016-09-05 10:10:28,ASK,13.85,131500
1690,2016-09-05 10:10:28,ASK,13.85,131900
1691,2016-09-05 10:10:28,TRADE,13.85,900
1692,2016-09-05 10:10:28,ASK,13.85,131000
1693,2016-09-05 10:10:28,TRADE,13.84,100
1694,2016-09-05 10:10:28,BID,13.84,51600
1695,2016-09-05 10:10:28,TRADE,13.85,1500
1696,2016-09-05 10:10:28,ASK,13.85,129500
1697,2016-09-05 10:10:29,TRADE,13.85,3000
1698,2016-09-05 10:10:29,ASK,13.85,126500
1699,2016-09-05 10:10:29,TRADE,13.85,900
1700,2016-09-05 10:10:29,ASK,13.85,125600
1701,2016-09-05 10:10:29,TRADE,13.85,1000
1702,2016-09-05 10:10:29,BID,13.84,50600
1703,2016-09-05 10:10:29,ASK,13.85,124600
1704,2016-09-05 10:10:29,TRADE,13.85,600
1705,2016-09-05 10:10:29,ASK,13.85,124000
1706,2016-09-05 10:10:29,TRADE,13.85,200
1707,2016-09-05 10:10:29,ASK,13.85,123800
1708,2016-09-05 10:10:29,ASK,13.85,123900
1709,2016-09-05 10:10:29,BID,13.84,55600
1710,2016-09-05 10:10:30,ASK,13.85,124000
1711,2016-09-05 10:10:30,TRADE,13.85,15000
1712,2016-09-05 10:10:30,ASK,13.85,109000
1713,2016-09-05 10:10:30,TRADE,13.85,800
1714,2016-09-05 10:10:30,ASK,13.85,108200
1715,2016-09-05 10:10:30,TRADE,13.85,50000
1716,2016-09-05 10:10:30,ASK,13.85,58200
1717,2016-09-05 10:10:30,ASK,13.85,45700
1718,2016-09-05 10:10:30,TRADE,13.85,18000
1719,2016-09-05 10:10:30,ASK,13.85,27700
1720,2016-09-05 10:10:30,TRADE,13.85,5600
1721,2016-09-05 10:10:30,BID,13.84,50600
1722,2016-09-05 10:10:30,ASK,13.85,22100
1723,2016-09-05 10:10:30,TRADE,13.85,6800
1724,2016-09-05 10:10:30,BID,13.84,45600
1725,2016-09-05 10:10:30,ASK,13.85,15300
1726,2016-09-05 10:10:30,TRADE,13.85,5200
1727,2016-09-05 10:10:30,TRADE,13.85,300
1728,2016-09-05 10:10:30,ASK,13.85,9800
1729,2016-09-05 10:10:30,TRADE,13.85,1000
1730,2016-09-05 10:10:30,TRADE,13.85,2400
1731,2016-09-05 10:10:30,TRADE,13.85,2400
1732,2016-09-05 10:10:30,ASK,13.85,4000
1733,2016-09-05 10:10:30,TRADE,13.85,2000
1734,2016-09-05 10:10:30,ASK,13.85,2000
1735,2016-09-05 10:10:30,TRADE,13.85,100
1736,2016-09-05 10:10:30,TRADE,13.85,200
1737,2016-09-05 10:10:30,TRADE,13.85,100
1738,2016-09-05 10:10:30,TRADE,13.85,1000
1739,2016-09-05 10:10:30,TRADE,13.85,100
1740,2016-09-05 10:10:30,ASK,13.85,500
1741,2016-09-05 10:10:30,TRADE,13.85,300
1742,2016-09-05 10:10:30,TRADE,13.85,100
1743,2016-09-05 10:10:30,TRADE,13.85,100
1744,2016-09-05 10:10:30,ASK,13.86,55300
1745,2016-09-05 10:10:30,TRADE,13.86,1000
1746,2016-09-05 10:10:30,TRADE,13.86,100
1746,2016-09-05 10:10:30,ASK,13.86,54200
1748,2016-09-05 10:10:30,TRADE,13.86,100
1749,2016-09-05 10:10:30,TRADE,13.86,400
1750,2016-09-05 10:10:30,ASK,13.86,53700
1751,2016-09-05 10:10:30,ASK,13.86,53800
1752,2016-09-05 10:10:30,TRADE,13.86,600
1753,2016-09-05 10:10:30,ASK,13.86,53200
1754,2016-09-05 10:10:30,TRADE,13.86,100
1755,2016-09-05 10:10:30,ASK,13.86,53100
1756,2016-09-05 10:10:30,TRADE,13.86,200
1757,2016-09-05 10:10:30,ASK,13.86,52900
1758,2016-09-05 10:10:30,TRADE,13.86,200
1759,2016-09-05 10:10:30,ASK,13.86,52700
1760,2016-09-05 10:10:30,ASK,13.86,54700
1761,2016-09-05 10:10:30,ASK,13.86,54800
1762,2016-09-05 10:10:30,BID,13.85,3900
1763,2016-09-05 10:10:30,TRADE,13.86,100
1764,2016-09-05 10:10:30,ASK,13.86,54700
1765,2016-09-05 10:10:30,BID,13.85,8900
1767,2016-09-05 10:10:30,ASK,13.86,52700
1768,2016-09-05 10:10:30,TRADE,13.86,2000
1769,2016-09-05 10:10:30,ASK,13.86,50700
1770,2016-09-05 10:10:30,TRADE,13.86,400
1771,2016-09-05 10:10:30,BID,13.85,5000
1772,2016-09-05 10:10:30,ASK,13.86,50300
1773,2016-09-05 10:10:30,TRADE,13.86,1500
1774,2016-09-05 10:10:30,ASK,13.86,48800
1775,2016-09-05 10:10:30,ASK,13.86,50800
1776,2016-09-05 10:10:30,TRADE,13.86,300
1777,2016-09-05 10:10:30,ASK,13.86,50500
1778,2016-09-05 10:10:30,TRADE,13.86,500
1779,2016-09-05 10:10:30,TRADE,13.86,500
1780,2016-09-05 10:10:30,ASK,13.86,49500
1781,2016-09-05 10:10:30,TRADE,13.86,200
1782,2016-09-05 10:10:30,ASK,13.86,49300
1783,2016-09-05 10:10:30,TRADE,13.86,1100
1784,2016-09-05 10:10:30,ASK,13.86,48200
1785,2016-09-05 10:10:30,TRADE,13.86,3200
1786,2016-09-05 10:10:30,TRADE,13.86,2200
1787,2016-09-05 10:10:30,ASK,13.86,42800
1788,2016-09-05 10:10:30,TRADE,13.86,900
1789,2016-09-05 10:10:30,ASK,13.86,41900
1790,2016-09-05 10:10:30,TRADE,13.86,4200
1791,2016-09-05 10:10:30,ASK,13.86,37700
1792,2016-09-05 10:10:30,TRADE,13.86,1800
1793,2016-09-05 10:10:30,ASK,13.86,35900
1794,2016-09-05 10:10:30,TRADE,13.86,2500
1795,2016-09-05 10:10:30,ASK,13.86,33400
1796,2016-09-05 10:10:30,TRADE,13.86,1400
1797,2016-09-05 10:10:30,ASK,13.86,32000
1798,2016-09-05 10:10:30,TRADE,13.86,800
1799,2016-09-05 10:10:30,ASK,13.86,31200
1800,2016-09-05 10:10:30,TRADE,13.86,800
1801,2016-09-05 10:10:30,ASK,13.86,30400
1802,2016-09-05 10:10:30,TRADE,13.86,300
1803,2016-09-05 10:10:30,ASK,13.86,30100
1804,2016-09-05 10:10:30,TRADE,13.86,100
1805,2016-09-05 10:10:30,TRADE,13.86,100
1806,2016-09-05 10:10:30,ASK,13.86,29900
1807,2016-09-05 10:10:30,BID,13.85,10000
1808,2016-09-05 10:10:30,TRADE,13.86,200
1809,2016-09-05 10:10:30,ASK,13.86,29700
1810,2016-09-05 10:10:30,TRADE,13.86,100
1811,2016-09-05 10:10:30,ASK,13.86,29600
1812,2016-09-05 10:10:30,BID,13.85,15000
1813,2016-09-05 10:10:30,ASK,13.86,29500
1814,2016-09-05 10:10:31,ASK,13.86,27500
1815,2016-09-05 10:10:31,TRADE,13.86,1400
1816,2016-09-05 10:10:31,ASK,13.86,26100
1818,2016-09-05 10:10:31,BID,13.85,21200
1819,2016-09-05 10:10:31,ASK,13.86,27100
1820,2016-09-05 10:10:31,ASK,13.86,29100
1821,2016-09-05 10:10:31,ASK,13.86,27100
1822,2016-09-05 10:10:32,ASK,13.86,27000
1823,2016-09-05 10:10:32,ASK,13.86,26900
1824,2016-09-05 10:10:32,BID,13.85,21300
1825,2016-09-05 10:10:32,TRADE,13.86,1000
1826,2016-09-05 10:10:32,ASK,13.86,25900
1827,2016-09-05 10:10:32,TRADE,13.86,100
1828,2016-09-05 10:10:32,ASK,13.86,25800
1829,2016-09-05 10:10:33,TRADE,13.86,100
1830,2016-09-05 10:10:33,BID,13.85,21200
1831,2016-09-05 10:10:33,ASK,13.86,25700
1832,2016-09-05 10:10:34,ASK,13.86,27700
1833,2016-09-05 10:10:34,ASK,13.86,25700
1834,2016-09-05 10:10:34,TRADE,13.86,1000
1835,2016-09-05 10:10:34,ASK,13.86,24700
1836,2016-09-05 10:10:34,BID,13.85,23200
1837,2016-09-05 10:10:36,TRADE,13.86,6000
1838,2016-09-05 10:10:36,ASK,13.86,18700
1839,2016-09-05 10:10:36,ASK,13.86,20500
1840,2016-09-05 10:10:36,TRADE,13.86,300
1841,2016-09-05 10:10:36,ASK,13.86,20200
1842,2016-09-05 10:10:37,BID,13.85,31200
1843,2016-09-05 10:10:37,TRADE,13.86,1000
1844,2016-09-05 10:10:37,ASK,13.86,19200
1845,2016-09-05 10:10:38,TRADE,13.86,1200
1846,2016-09-05 10:10:38,TRADE,13.86,800
1847,2016-09-05 10:10:38,ASK,13.86,17200
1848,2016-09-05 10:10:38,TRADE,13.86,100
1849,2016-09-05 10:10:38,ASK,13.86,17100
1850,2016-09-05 10:10:38,TRADE,13.86,100
1851,2016-09-05 10:10:38,ASK,13.86,17000
1852,2016-09-05 10:10:39,BID,13.85,32700
1853,2016-09-05 10:10:39,ASK,13.86,29500
1854,2016-09-05 10:10:39,TRADE,13.86,100
1855,2016-09-05 10:10:39,ASK,13.86,29400
1856,2016-09-05 10:10:39,TRADE,13.86,3900
1857,2016-09-05 10:10:39,TRADE,13.86,200
1858,2016-09-05 10:10:39,TRADE,13.86,5900
1859,2016-09-05 10:10:39,ASK,13.86,19400
1860,2016-09-05 10:10:39,ASK,13.86,17600
1861,2016-09-05 10:10:40,TRADE,13.86,200
1862,2016-09-05 10:10:40,ASK,13.86,17400
1863,2016-09-05 10:10:40,TRADE,13.86,3900
1864,2016-09-05 10:10:40,TRADE,13.86,1000
1865,2016-09-05 10:10:40,TRADE,13.86,200
1866,2016-09-05 10:10:40,ASK,13.86,12300
1869,2016-09-05 10:10:40,TRADE,13.85,1800
1870,2016-09-05 10:10:40,BID,13.85,30900
1871,2016-09-05 10:10:40,TRADE,13.86,500
1872,2016-09-05 10:10:40,ASK,13.86,11800
1875,2016-09-05 10:10:40,BID,13.85,31900
1877,2016-09-05 10:10:40,TRADE,13.86,5700
1878,2016-09-05 10:10:40,ASK,13.86,6100
1879,2016-09-05 10:10:40,ASK,13.87,63900
1882,2016-09-05 10:10:40,ASK,13.87,64100
1883,2016-09-05 10:10:40,BID,13.86,3000
1884,2016-09-05 10:10:40,BID,13.86,8000
1885,2016-09-05 10:10:40,TRADE,13.87,2300
1886,2016-09-05 10:10:40,TRADE,13.87,3400
1887,2016-09-05 10:10:40,ASK,13.87,58400
1888,2016-09-05 10:10:40,TRADE,13.87,1000
1889,2016-09-05 10:10:40,ASK,13.87,57400
1890,2016-09-05 10:10:40,ASK,13.87,52400
1891,2016-09-05 10:10:40,TRADE,13.87,1500
1892,2016-09-05 10:10:40,ASK,13.87,50900
1893,2016-09-05 10:10:40,TRADE,13.87,1300
1894,2016-09-05 10:10:40,ASK,13.87,49600
1898,2016-09-05 10:10:41,TRADE,13.87,500
1899,2016-09-05 10:10:41,ASK,13.87,49100
1900,2016-09-05 10:10:41,TRADE,13.87,1900
1901,2016-09-05 10:10:41,ASK,13.87,47200
1902,2016-09-05 10:10:41,TRADE,13.87,500
1903,2016-09-05 10:10:41,ASK,13.87,46700
1904,2016-09-05 10:10:41,TRADE,13.87,1000
1905,2016-09-05 10:10:41,ASK,13.87,45700
1906,2016-09-05 10:10:41,TRADE,13.87,800
1907,2016-09-05 10:10:41,ASK,13.87,44900
1908,2016-09-05 10:10:41,TRADE,13.87,300
1909,2016-09-05 10:10:41,ASK,13.87,44600
1910,2016-09-05 10:10:41,TRADE,13.87,1100
1911,2016-09-05 10:10:41,ASK,13.87,43500
1912,2016-09-05 10:10:41,TRADE,13.87,400
1913,2016-09-05 10:10:41,ASK,13.87,43100
1914,2016-09-05 10:10:41,TRADE,13.87,2000
1915,2016-09-05 10:10:41,ASK,13.87,41100
1916,2016-09-05 10:10:41,TRADE,13.87,100
1917,2016-09-05 10:10:41,ASK,13.87,41000
1918,2016-09-05 10:10:41,TRADE,13.87,1200
1919,2016-09-05 10:10:41,ASK,13.87,39800
1920,2016-09-05 10:10:41,TRADE,13.87,700
1921,2016-09-05 10:10:41,ASK,13.87,39100
1922,2016-09-05 10:10:41,TRADE,13.87,100
1923,2016-09-05 10:10:41,ASK,13.87,39000
1924,2016-09-05 10:10:41,TRADE,13.87,400
1925,2016-09-05 10:10:41,ASK,13.87,38600
1926,2016-09-05 10:10:41,TRADE,13.87,100
1927,2016-09-05 10:10:41,ASK,13.87,38500
1928,2016-09-05 10:10:41,TRADE,13.87,100
1929,2016-09-05 10:10:41,ASK,13.87,38400
1931,2016-09-05 10:10:41,ASK,13.87,38700
1932,2016-09-05 10:10:41,BID,13.86,13000
1933,2016-09-05 10:10:41,BID,13.86,18000
1934,2016-09-05 10:10:41,BID,13.86,23900
1935,2016-09-05 10:10:41,TRADE,13.87,500
1936,2016-09-05 10:10:41,ASK,13.87,38200
1937,2016-09-05 10:10:42,TRADE,13.86,100
1938,2016-09-05 10:10:42,BID,13.86,23800
1939,2016-09-05 10:10:42,BID,13.86,25800
1940,2016-09-05 10:10:42,BID,13.86,50800
1941,2016-09-05 10:10:42,ASK,13.87,38100
1942,2016-09-05 10:10:43,TRADE,13.86,1000
1943,2016-09-05 10:10:43,BID,13.86,49800
1944,2016-09-05 10:10:43,TRADE,13.86,1900
1945,2016-09-05 10:10:43,TRADE,13.86,5000
1946,2016-09-05 10:10:43,TRADE,13.86,3100
1947,2016-09-05 10:10:43,BID,13.86,39800
1948,2016-09-05 10:10:43,ASK,13.87,43100
1949,2016-09-05 10:10:43,BID,13.86,44800
1950,2016-09-05 10:10:43,BID,13.86,46800
1951,2016-09-05 10:10:43,ASK,13.87,38100
1952,2016-09-05 10:10:43,TRADE,13.87,100
1953,2016-09-05 10:10:43,ASK,13.87,38000
1954,2016-09-05 10:10:43,ASK,13.87,38100
1955,2016-09-05 10:10:43,BID,13.86,61200
1956,2016-09-05 10:10:43,TRADE,13.87,400
1957,2016-09-05 10:10:43,ASK,13.87,37700
1958,2016-09-05 10:10:45,ASK,13.87,47700
1959,2016-09-05 10:10:46,BID,13.86,61600
1960,2016-09-05 10:10:47,TRADE,13.87,1000
1961,2016-09-05 10:10:47,ASK,13.87,46700
1962,2016-09-05 10:10:47,TRADE,13.87,100
1963,2016-09-05 10:10:47,ASK,13.87,46600
1964,2016-09-05 10:10:47,BID,13.86,86600
1965,2016-09-05 10:10:47,BID,13.86,91600
1966,2016-09-05 10:10:47,TRADE,13.87,100
1967,2016-09-05 10:10:47,ASK,13.87,46500
1968,2016-09-05 10:10:49,BID,13.86,96600
1969,2016-09-05 10:10:49,BID,13.86,98100
1970,2016-09-05 10:10:49,ASK,13.87,46300
1971,2016-09-05 10:10:49,BID,13.86,118300
1972,2016-09-05 10:10:50,TRADE,13.87,10000
1973,2016-09-05 10:10:50,ASK,13.87,36300
1974,2016-09-05 10:10:50,TRADE,13.87,400
1975,2016-09-05 10:10:50,ASK,13.87,35900
1976,2016-09-05 10:10:50,TRADE,13.87,9000
1977,2016-09-05 10:10:50,TRADE,13.87,2000
1978,2016-09-05 10:10:50,TRADE,13.87,12500
1979,2016-09-05 10:10:50,TRADE,13.87,1800
1980,2016-09-05 10:10:50,TRADE,13.87,200
1981,2016-09-05 10:10:50,TRADE,13.87,300
1982,2016-09-05 10:10:50,TRADE,13.87,100
1983,2016-09-05 10:10:50,TRADE,13.87,9100
1984,2016-09-05 10:10:50,ASK,13.87,900
1985,2016-09-05 10:10:50,TRADE,13.87,900
1986,2016-09-05 10:10:50,ASK,13.88,35500
1987,2016-09-05 10:10:50,BID,13.87,5000
1988,2016-09-05 10:10:50,TRADE,13.87,1800
1989,2016-09-05 10:10:50,BID,13.87,3200
1992,2016-09-05 10:10:50,ASK,13.88,35700
1993,2016-09-05 10:10:50,TRADE,13.87,100
1994,2016-09-05 10:10:50,BID,13.87,3100
1995,2016-09-05 10:10:50,ASK,13.88,35900
1996,2016-09-05 10:10:50,TRADE,13.87,200
1997,2016-09-05 10:10:50,BID,13.87,2900
1998,2016-09-05 10:10:50,ASK,13.88,35700
1999,2016-09-05 10:10:50,ASK,13.88,35500
2000,2016-09-05 10:10:50,TRADE,13.88,200
2001,2016-09-05 10:10:50,TRADE,13.88,1300
2002,2016-09-05 10:10:50,ASK,13.88,34000
2003,2016-09-05 10:10:50,BID,13.87,5800
2004,2016-09-05 10:10:50,TRADE,13.87,1200
2005,2016-09-05 10:10:50,BID,13.87,4600
2006,2016-09-05 10:10:50,TRADE,13.87,200
2007,2016-09-05 10:10:50,BID,13.87,4400
2008,2016-09-05 10:10:50,ASK,13.88,33800
2009,2016-09-05 10:10:50,TRADE,13.88,1200
2010,2016-09-05 10:10:50,ASK,13.88,32600
2011,2016-09-05 10:10:50,TRADE,13.87,200
2012,2016-09-05 10:10:50,BID,13.87,4200
2013,2016-09-05 10:10:50,TRADE,13.88,300
2014,2016-09-05 10:10:50,ASK,13.88,32300
2015,2016-09-05 10:10:50,ASK,13.88,32500
2016,2016-09-05 10:10:50,TRADE,13.88,100
2017,2016-09-05 10:10:50,ASK,13.88,32400
2018,2016-09-05 10:10:50,TRADE,13.87,200
2019,2016-09-05 10:10:50,BID,13.87,4000
2020,2016-09-05 10:10:50,ASK,13.88,32200
2021,2016-09-05 10:10:50,TRADE,13.88,200
2022,2016-09-05 10:10:50,ASK,13.88,32000
2023,2016-09-05 10:10:50,ASK,13.88,32200
2024,2016-09-05 10:10:50,TRADE,13.88,1700
2025,2016-09-05 10:10:50,ASK,13.88,30500
2026,2016-09-05 10:10:50,TRADE,13.88,900
2027,2016-09-05 10:10:50,ASK,13.88,29600
2028,2016-09-05 10:10:50,TRADE,13.87,200
2029,2016-09-05 10:10:50,BID,13.87,3800
2030,2016-09-05 10:10:50,ASK,13.88,29400
2031,2016-09-05 10:10:50,ASK,13.88,29600
2032,2016-09-05 10:10:50,TRADE,13.88,1300
2033,2016-09-05 10:10:50,ASK,13.88,28300
2034,2016-09-05 10:10:50,ASK,13.88,28100
2035,2016-09-05 10:10:50,TRADE,13.87,100
2036,2016-09-05 10:10:50,BID,13.87,3700
2037,2016-09-05 10:10:50,TRADE,13.88,1600
2038,2016-09-05 10:10:50,ASK,13.88,26500
2039,2016-09-05 10:10:50,ASK,13.88,26700
2040,2016-09-05 10:10:50,TRADE,13.88,2000
2041,2016-09-05 10:10:50,ASK,13.88,24700
2042,2016-09-05 10:10:50,TRADE,13.87,800
2043,2016-09-05 10:10:50,TRADE,13.87,200
2044,2016-09-05 10:10:50,BID,13.87,2700
2045,2016-09-05 10:10:50,BID,13.87,4400
2046,2016-09-05 10:10:50,TRADE,13.88,1400
2047,2016-09-05 10:10:50,ASK,13.88,23300
2048,2016-09-05 10:10:50,TRADE,13.87,1000
2049,2016-09-05 10:10:50,BID,13.87,3400
2050,2016-09-05 10:10:50,TRADE,13.88,900
2051,2016-09-05 10:10:50,ASK,13.88,22400
2052,2016-09-05 10:10:50,TRADE,13.87,1000
2053,2016-09-05 10:10:50,BID,13.87,2400
2054,2016-09-05 10:10:50,TRADE,13.88,700
2055,2016-09-05 10:10:50,ASK,13.88,21700
2056,2016-09-05 10:10:50,TRADE,13.87,700
2057,2016-09-05 10:10:50,TRADE,13.87,300
2058,2016-09-05 10:10:50,BID,13.87,1400
2059,2016-09-05 10:10:50,TRADE,13.88,500
2060,2016-09-05 10:10:50,ASK,13.88,21200
2061,2016-09-05 10:10:50,TRADE,13.88,600
2062,2016-09-05 10:10:50,ASK,13.88,20600
2063,2016-09-05 10:10:50,BID,13.87,6400
2064,2016-09-05 10:10:50,TRADE,13.88,200
2065,2016-09-05 10:10:50,ASK,13.88,20400
2066,2016-09-05 10:10:50,TRADE,13.87,1000
2067,2016-09-05 10:10:50,BID,13.87,5400
2068,2016-09-05 10:10:50,TRADE,13.88,200
2069,2016-09-05 10:10:50,ASK,13.88,20200
2071,2016-09-05 10:10:50,TRADE,13.87,400
2072,2016-09-05 10:10:50,TRADE,13.87,600
2073,2016-09-05 10:10:50,BID,13.87,4400
2074,2016-09-05 10:10:50,BID,13.87,9400
2075,2016-09-05 10:10:50,TRADE,13.88,300
2076,2016-09-05 10:10:50,ASK,13.88,19900
2077,2016-09-05 10:10:50,TRADE,13.87,100
2078,2016-09-05 10:10:50,BID,13.87,9300
2079,2016-09-05 10:10:50,BID,13.87,14300
2080,2016-09-05 10:10:50,TRADE,13.88,2400
2081,2016-09-05 10:10:50,ASK,13.88,17500
2083,2016-09-05 10:10:50,ASK,13.88,15000
2084,2016-09-05 10:10:50,TRADE,13.87,1000
2085,2016-09-05 10:10:50,BID,13.87,13300
2086,2016-09-05 10:10:50,ASK,13.88,20000
2087,2016-09-05 10:10:50,TRADE,13.87,1000
2088,2016-09-05 10:10:50,BID,13.87,12300
2089,2016-09-05 10:10:51,ASK,13.88,19900
2090,2016-09-05 10:10:51,TRADE,13.87,1400
2091,2016-09-05 10:10:51,BID,13.87,10900
2092,2016-09-05 10:10:51,BID,13.87,12600
2093,2016-09-05 10:10:51,BID,13.87,17900
2094,2016-09-05 10:10:51,TRADE,13.88,700
2095,2016-09-05 10:10:51,ASK,13.88,19200
2096,2016-09-05 10:10:51,ASK,13.88,19800
2097,2016-09-05 10:10:52,BID,13.87,20400
2098,2016-09-05 10:10:52,BID,13.87,21400
2099,2016-09-05 10:10:52,ASK,13.88,14800
2100,2016-09-05 10:10:53,TRADE,13.88,100
2101,2016-09-05 10:10:53,ASK,13.88,14700
2102,2016-09-05 10:10:53,ASK,13.88,16700
2103,2016-09-05 10:10:53,TRADE,13.88,1400
2104,2016-09-05 10:10:53,TRADE,13.88,3600
2105,2016-09-05 10:10:53,ASK,13.88,11700
2106,2016-09-05 10:10:53,TRADE,13.88,100
2107,2016-09-05 10:10:53,ASK,13.88,11600
2108,2016-09-05 10:10:54,TRADE,13.88,100
2109,2016-09-05 10:10:54,ASK,13.88,11500
2110,2016-09-05 10:10:56,ASK,13.88,16500
2111,2016-09-05 10:10:56,TRADE,13.88,8700
2112,2016-09-05 10:10:56,TRADE,13.88,200
2113,2016-09-05 10:10:56,TRADE,13.88,600
2114,2016-09-05 10:10:56,TRADE,13.88,2000
2115,2016-09-05 10:10:56,TRADE,13.88,2900
2116,2016-09-05 10:10:56,ASK,13.88,2100
2117,2016-09-05 10:10:56,ASK,13.89,73000
2119,2016-09-05 10:10:56,ASK,13.88,200
2121,2016-09-05 10:10:56,TRADE,13.88,200
2122,2016-09-05 10:10:56,ASK,13.89,73000
2124,2016-09-05 10:10:56,ASK,13.88,200
2126,2016-09-05 10:10:57,TRADE,13.88,200
2127,2016-09-05 10:10:57,ASK,13.89,73000
2128,2016-09-05 10:10:57,TRADE,13.89,300
2128,2016-09-05 10:10:57,ASK,13.89,72700
2130,2016-09-05 10:10:57,ASK,13.88,200
2134,2016-09-05 10:10:57,ASK,13.88,300
2136,2016-09-05 10:10:58,TRADE,13.87,900
2137,2016-09-05 10:10:58,TRADE,13.87,5000
2138,2016-09-05 10:10:58,TRADE,13.87,3100
2139,2016-09-05 10:10:58,BID,13.87,12500
2140,2016-09-05 10:10:58,ASK,13.88,5300
2141,2016-09-05 10:10:58,BID,13.87,17500
2142,2016-09-05 10:10:58,ASK,13.88,7100
2143,2016-09-05 10:10:58,ASK,13.88,19600
2144,2016-09-05 10:10:58,TRADE,13.88,100
2145,2016-09-05 10:10:58,ASK,13.88,19500
2146,2016-09-05 10:10:58,TRADE,13.88,100
2147,2016-09-05 10:10:58,TRADE,13.88,100
2148,2016-09-05 10:10:58,TRADE,13.88,5000
2149,2016-09-05 10:10:58,TRADE,13.88,1800
2150,2016-09-05 10:10:58,TRADE,13.88,12500
2151,2016-09-05 10:10:58,BID,13.88,5500
2152,2016-09-05 10:10:58,ASK,13.89,72700
2154,2016-09-05 10:10:58,TRADE,13.88,200
2155,2016-09-05 10:10:58,BID,13.88,5300
2156,2016-09-05 10:10:58,TRADE,13.88,5300
2157,2016-09-05 10:10:58,BID,13.87,17500
2158,2016-09-05 10:10:58,ASK,13.89,70900
2159,2016-09-05 10:10:58,TRADE,13.89,2000
2160,2016-09-05 10:10:58,BID,13.87,15600
2161,2016-09-05 10:10:58,ASK,13.89,68900
2162,2016-09-05 10:10:58,ASK,13.89,69000
2163,2016-09-05 10:10:58,TRADE,13.89,1400
2164,2016-09-05 10:10:58,ASK,13.89,67600
2165,2016-09-05 10:10:58,BID,13.88,1000
2166,2016-09-05 10:10:58,TRADE,13.88,1000
2167,2016-09-05 10:10:58,BID,13.87,15600
2168,2016-09-05 10:10:58,BID,13.88,1000
2169,2016-09-05 10:10:58,ASK,13.89,69600
2170,2016-09-05 10:10:58,TRADE,13.89,1000
2171,2016-09-05 10:10:58,ASK,13.89,68600
2172,2016-09-05 10:10:58,TRADE,13.89,300
2173,2016-09-05 10:10:58,TRADE,13.89,500
2174,2016-09-05 10:10:58,TRADE,13.89,100
2175,2016-09-05 10:10:58,TRADE,13.89,300
2176,2016-09-05 10:10:58,TRADE,13.89,500
2177,2016-09-05 10:10:58,ASK,13.89,66900
2178,2016-09-05 10:10:58,BID,13.88,6000
2181,2016-09-05 10:10:59,ASK,13.89,66800
2183,2016-09-05 10:10:59,TRADE,13.88,1000
2184,2016-09-05 10:10:59,TRADE,13.88,5000
2185,2016-09-05 10:10:59,BID,13.87,10300
2186,2016-09-05 10:10:59,ASK,13.88,4000
2187,2016-09-05 10:10:59,ASK,13.88,9000
2189,2016-09-05 10:10:59,TRADE,13.88,1100
2190,2016-09-05 10:10:59,ASK,13.88,7900
2191,2016-09-05 10:10:59,TRADE,13.88,1600
2192,2016-09-05 10:10:59,ASK,13.88,6300
2193,2016-09-05 10:10:59,ASK,13.88,1300
2194,2016-09-05 10:10:59,TRADE,13.88,1000
2195,2016-09-05 10:10:59,ASK,13.88,300
2196,2016-09-05 10:10:59,TRADE,13.88,300
2197,2016-09-05 10:10:59,BID,13.88,700
2198,2016-09-05 10:10:59,ASK,13.89,66800
2200,2016-09-05 10:10:59,TRADE,13.89,1200
2201,2016-09-05 10:10:59,ASK,13.89,65600
2202,2016-09-05 10:10:59,ASK,13.89,63600
2203,2016-09-05 10:10:59,TRADE,13.89,1400
2204,2016-09-05 10:10:59,ASK,13.89,62200
2205,2016-09-05 10:10:59,TRADE,13.89,1000
2206,2016-09-05 10:10:59,ASK,13.89,61200
2207,2016-09-05 10:10:59,BID,13.88,3600
2208,2016-09-05 10:10:59,TRADE,13.89,200
2209,2016-09-05 10:10:59,ASK,13.89,61000
2210,2016-09-05 10:10:59,ASK,13.89,63000
2211,2016-09-05 10:10:59,BID,13.88,8600
2212,2016-09-05 10:10:59,BID,13.88,13900
2213,2016-09-05 10:10:59,TRADE,13.89,700
2214,2016-09-05 10:10:59,ASK,13.89,62300
2219,2016-09-05 10:10:59,BID,13.88,8600
2220,2016-09-05 10:10:59,ASK,13.89,62700
2224,2016-09-05 10:11:00,BID,13.88,5700
2225,2016-09-05 10:11:00,ASK,13.89,66700
2226,2016-09-05 10:11:01,BID,13.88,6700
2227,2016-09-05 10:11:01,TRADE,13.88,700
2228,2016-09-05 10:11:01,TRADE,13.88,300
2229,2016-09-05 10:11:01,BID,13.88,5700
2230,2016-09-05 10:11:01,TRADE,13.89,100
2231,2016-09-05 10:11:01,ASK,13.89,66600
2232,2016-09-05 10:11:02,TRADE,13.88,500
2233,2016-09-05 10:11:02,BID,13.88,5200
2234,2016-09-05 10:11:02,TRADE,13.88,100
2235,2016-09-05 10:11:02,BID,13.88,5100
2236,2016-09-05 10:11:02,TRADE,13.88,1000
2237,2016-09-05 10:11:02,BID,13.88,4100
2238,2016-09-05 10:11:02,TRADE,13.88,3100
2239,2016-09-05 10:11:02,TRADE,13.88,1000
2240,2016-09-05 10:11:02,BID,13.88,4300
2241,2016-09-05 10:11:02,TRADE,13.88,1000
2242,2016-09-05 10:11:02,BID,13.88,3300
2243,2016-09-05 10:11:02,TRADE,13.88,1000
2244,2016-09-05 10:11:02,BID,13.88,2300
2245,2016-09-05 10:11:02,ASK,13.89,66700
2246,2016-09-05 10:11:02,TRADE,13.88,1000
2247,2016-09-05 10:11:02,BID,13.88,1300
2248,2016-09-05 10:11:02,TRADE,13.88,1000
2249,2016-09-05 10:11:02,BID,13.88,300
2250,2016-09-05 10:11:02,TRADE,13.89,200
2251,2016-09-05 10:11:02,ASK,13.89,66500
2252,2016-09-05 10:11:02,BID,13.88,4700
2253,2016-09-05 10:11:02,TRADE,13.88,300
2254,2016-09-05 10:11:02,TRADE,13.88,700
2255,2016-09-05 10:11:02,BID,13.88,3700
2256,2016-09-05 10:11:02,BID,13.88,6300
2257,2016-09-05 10:11:02,TRADE,13.88,1000
2258,2016-09-05 10:11:02,BID,13.88,5300
2259,2016-09-05 10:11:02,TRADE,13.88,1000
2260,2016-09-05 10:11:02,BID,13.88,4300
2261,2016-09-05 10:11:02,TRADE,13.88,1000
2262,2016-09-05 10:11:02,BID,13.88,3300
2263,2016-09-05 10:11:02,TRADE,13.88,700
2264,2016-09-05 10:11:02,TRADE,13.88,300
2265,2016-09-05 10:11:02,BID,13.88,2300
2266,2016-09-05 10:11:02,TRADE,13.88,2300
2267,2016-09-05 10:11:02,BID,13.87,16200
2269,2016-09-05 10:11:03,BID,13.87,17600
2270,2016-09-05 10:11:03,ASK,13.89,68500
2271,2016-09-05 10:11:03,TRADE,13.89,600
2272,2016-09-05 10:11:03,ASK,13.89,67900
2273,2016-09-05 10:11:03,ASK,13.89,65900
2274,2016-09-05 10:11:03,ASK,13.89,66000
2275,2016-09-05 10:11:04,BID,13.88,3000
2277,2016-09-05 10:11:04,BID,13.88,4400
2278,2016-09-05 10:11:04,TRADE,13.88,1000
2279,2016-09-05 10:11:04,BID,13.88,3400
2280,2016-09-05 10:11:04,TRADE,13.88,1000
2281,2016-09-05 10:11:04,BID,13.88,2400
2282,2016-09-05 10:11:04,TRADE,13.88,1000
2283,2016-09-05 10:11:04,BID,13.88,1400
2284,2016-09-05 10:11:04,TRADE,13.88,1000
2285,2016-09-05 10:11:04,BID,13.88,400
2286,2016-09-05 10:11:04,TRADE,13.89,100
2287,2016-09-05 10:11:04,ASK,13.89,65900
2288,2016-09-05 10:11:04,TRADE,13.88,400
2289,2016-09-05 10:11:04,BID,13.87,16200
2291,2016-09-05 10:11:04,ASK,13.88,5000
2292,2016-09-05 10:11:04,ASK,13.88,5400
2293,2016-09-05 10:11:04,ASK,13.88,5500
2294,2016-09-05 10:11:04,ASK,13.88,5600
2295,2016-09-05 10:11:04,BID,13.87,17300
2296,2016-09-05 10:11:04,ASK,13.88,18100
2300,2016-09-05 10:11:04,TRADE,13.88,5000
2301,2016-09-05 10:11:04,TRADE,13.88,400
2302,2016-09-05 10:11:04,TRADE,13.88,100
2303,2016-09-05 10:11:04,TRADE,13.88,100
2304,2016-09-05 10:11:04,TRADE,13.88,2400
2305,2016-09-05 10:11:04,ASK,13.88,10100
2306,2016-09-05 10:11:04,ASK,13.89,63300
2309,2016-09-05 10:11:04,ASK,13.89,65300
2311,2016-09-05 10:11:05,BID,13.87,11400
2312,2016-09-05 10:11:05,BID,13.88,100
2316,2016-09-05 10:11:05,TRADE,13.88,100
2317,2016-09-05 10:11:05,BID,13.87,11400
2318,2016-09-05 10:11:05,ASK,13.88,14900
2319,2016-09-05 10:11:05,ASK,13.88,19900
2320,2016-09-05 10:11:05,TRADE,13.88,500
2321,2016-09-05 10:11:05,ASK,13.88,19400
2324,2016-09-05 10:11:05,ASK,13.88,14400
2327,2016-09-05 10:11:05,BID,13.87,61400
2328,2016-09-05 10:11:05,TRADE,13.88,2000
2329,2016-09-05 10:11:05,ASK,13.88,12400
2330,2016-09-05 10:11:06,TRADE,13.88,100
2331,2016-09-05 10:11:06,ASK,13.88,12300
2332,2016-09-05 10:11:06,BID,13.87,62500
2333,2016-09-05 10:11:06,TRADE,13.88,1000
2334,2016-09-05 10:11:06,ASK,13.88,11300
2335,2016-09-05 10:11:06,ASK,13.88,11400
2336,2016-09-05 10:11:07,ASK,13.88,30400
2337,2016-09-05 10:11:08,ASK,13.88,32800
2338,2016-09-05 10:11:09,TRADE,13.88,2000
2339,2016-09-05 10:11:09,ASK,13.88,30800
2340,2016-09-05 10:11:09,TRADE,13.88,100
2341,2016-09-05 10:11:09,ASK,13.88,30700
2342,2016-09-05 10:11:09,TRADE,13.88,200
2343,2016-09-05 10:11:09,ASK,13.88,30500
2344,2016-09-05 10:11:09,ASK,13.88,43000
2345,2016-09-05 10:11:09,BID,13.87,61500
2346,2016-09-05 10:11:09,ASK,13.88,48000
2347,2016-09-05 10:11:10,TRADE,13.88,100
2348,2016-09-05 10:11:10,ASK,13.88,47900
2349,2016-09-05 10:11:11,TRADE,13.88,7200
2350,2016-09-05 10:11:11,ASK,13.88,40700
2351,2016-09-05 10:11:11,ASK,13.88,35700
2352,2016-09-05 10:11:11,TRADE,13.88,300
2353,2016-09-05 10:11:11,ASK,13.88,35400
2354,2016-09-05 10:11:11,ASK,13.88,35500
2355,2016-09-05 10:11:12,ASK,13.88,40500
2356,2016-09-05 10:11:13,TRADE,13.88,200
2357,2016-09-05 10:11:13,ASK,13.88,40300
2358,2016-09-05 10:11:13,TRADE,13.88,100
2359,2016-09-05 10:11:13,ASK,13.88,40200
2360,2016-09-05 10:11:13,TRADE,13.88,100
2361,2016-09-05 10:11:13,ASK,13.88,40100
2362,2016-09-05 10:11:14,TRADE,13.88,1000
2363,2016-09-05 10:11:14,TRADE,13.88,100
2364,2016-09-05 10:11:14,TRADE,13.88,3900
2365,2016-09-05 10:11:14,ASK,13.88,35100
2366,2016-09-05 10:11:14,ASK,13.88,30100
2367,2016-09-05 10:11:14,TRADE,13.88,200
2368,2016-09-05 10:11:14,ASK,13.88,29900
2369,2016-09-05 10:11:14,TRADE,13.87,1000
2370,2016-09-05 10:11:14,BID,13.87,60500
2371,2016-09-05 10:11:15,ASK,13.88,34900
2372,2016-09-05 10:11:15,ASK,13.88,39900
2373,2016-09-05 10:11:15,ASK,13.88,42200
2374,2016-09-05 10:11:15,ASK,13.88,42300
2375,2016-09-05 10:11:15,TRADE,13.88,1000
2376,2016-09-05 10:11:15,ASK,13.88,41300
2377,2016-09-05 10:11:15,ASK,13.88,45800
2378,2016-09-05 10:11:15,TRADE,13.88,100
2379,2016-09-05 10:11:15,ASK,13.88,45700
2380,2016-09-05 10:11:16,TRADE,13.88,2000
2381,2016-09-05 10:11:16,ASK,13.88,43700
2382,2016-09-05 10:11:16,TRADE,13.88,500
2383,2016-09-05 10:11:16,ASK,13.88,43200
2384,2016-09-05 10:11:16,TRADE,13.88,100
2385,2016-09-05 10:11:16,ASK,13.88,43100
2386,2016-09-05 10:11:17,ASK,13.88,45100
2387,2016-09-05 10:11:17,TRADE,13.87,700
2388,2016-09-05 10:11:17,TRADE,13.87,1100
2389,2016-09-05 10:11:17,BID,13.87,58700
2390,2016-09-05 10:11:17,ASK,13.88,46600
2391,2016-09-05 10:11:17,ASK,13.88,47300
2392,2016-09-05 10:11:17,TRADE,13.87,100
2393,2016-09-05 10:11:17,BID,13.87,58600
2394,2016-09-05 10:11:17,TRADE,13.87,100
2395,2016-09-05 10:11:17,BID,13.87,58500
2396,2016-09-05 10:11:17,TRADE,13.87,1200
2397,2016-09-05 10:11:17,TRADE,13.87,100
2398,2016-09-05 10:11:17,TRADE,13.87,500
2399,2016-09-05 10:11:17,BID,13.87,56700
2400,2016-09-05 10:11:17,TRADE,13.87,4500
2401,2016-09-05 10:11:17,TRADE,13.87,1100
2402,2016-09-05 10:11:17,TRADE,13.87,50000
2403,2016-09-05 10:11:17,TRADE,13.87,1100
2404,2016-09-05 10:11:17,BID,13.86,39800
2405,2016-09-05 10:11:17,BID,13.87,3400
2406,2016-09-05 10:11:17,TRADE,13.87,3400
2407,2016-09-05 10:11:17,BID,13.86,39800
2408,2016-09-05 10:11:17,ASK,13.87,1600
2411,2016-09-05 10:11:17,TRADE,13.87,200
2412,2016-09-05 10:11:17,ASK,13.87,1400
2413,2016-09-05 10:11:17,TRADE,13.87,1400
2414,2016-09-05 10:11:17,BID,13.87,3600
2415,2016-09-05 10:11:17,ASK,13.88,47300
2416,2016-09-05 10:11:17,TRADE,13.87,3600
2417,2016-09-05 10:11:17,BID,13.87,1800
2418,2016-09-05 10:11:17,TRADE,13.87,1400
2419,2016-09-05 10:11:17,BID,13.87,400
2420,2016-09-05 10:11:17,TRADE,13.87,400
2421,2016-09-05 10:11:17,BID,13.86,39800
2424,2016-09-05 10:11:17,ASK,13.87,5000
2427,2016-09-05 10:11:17,TRADE,13.87,3000
2428,2016-09-05 10:11:17,ASK,13.87,2000
2429,2016-09-05 10:11:17,TRADE,13.87,1000
2430,2016-09-05 10:11:17,ASK,13.87,1000
2431,2016-09-05 10:11:17,ASK,13.87,13500
2432,2016-09-05 10:11:17,TRADE,13.87,1000
2433,2016-09-05 10:11:17,TRADE,13.87,1900
2434,2016-09-05 10:11:17,ASK,13.87,10600
2435,2016-09-05 10:11:17,TRADE,13.87,1200
2436,2016-09-05 10:11:17,ASK,13.87,9400
2437,2016-09-05 10:11:17,TRADE,13.87,3500
2438,2016-09-05 10:11:17,ASK,13.87,5900
2439,2016-09-05 10:11:17,TRADE,13.87,1200
2440,2016-09-05 10:11:17,ASK,13.87,4700
2441,2016-09-05 10:11:17,TRADE,13.87,3800
2442,2016-09-05 10:11:17,ASK,13.87,900
2443,2016-09-05 10:11:17,TRADE,13.87,900
2444,2016-09-05 10:11:17,BID,13.87,200
2445,2016-09-05 10:11:17,ASK,13.88,45300
2447,2016-09-05 10:11:17,TRADE,13.87,200
2448,2016-09-05 10:11:17,BID,13.86,39800
2451,2016-09-05 10:11:17,BID,13.87,2400
2452,2016-09-05 10:11:17,TRADE,13.87,2400
2453,2016-09-05 10:11:17,BID,13.86,39800
2455,2016-09-05 10:11:17,ASK,13.87,50000
2456,2016-09-05 10:11:17,TRADE,13.87,1100
2457,2016-09-05 10:11:17,ASK,13.87,48900
2460,2016-09-05 10:11:17,TRADE,13.87,100
2461,2016-09-05 10:11:17,ASK,13.87,48800
2462,2016-09-05 10:11:17,TRADE,13.87,200
2463,2016-09-05 10:11:17,ASK,13.87,48600
2464,2016-09-05 10:11:17,TRADE,13.87,500
2465,2016-09-05 10:11:17,ASK,13.87,48100
2466,2016-09-05 10:11:17,ASK,13.87,48800
2467,2016-09-05 10:11:17,ASK,13.87,48900
2468,2016-09-05 10:11:17,TRADE,13.87,200
2469,2016-09-05 10:11:17,ASK,13.87,48700
2470,2016-09-05 10:11:17,TRADE,13.87,100
2471,2016-09-05 10:11:17,ASK,13.87,48600
2472,2016-09-05 10:11:17,BID,13.86,44800
2473,2016-09-05 10:11:17,TRADE,13.87,100
2474,2016-09-05 10:11:17,ASK,13.87,48500
2475,2016-09-05 10:11:17,BID,13.86,49800
2476,2016-09-05 10:11:17,TRADE,13.87,1900
2477,2016-09-05 10:11:17,ASK,13.87,46600
2478,2016-09-05 10:11:18,ASK,13.87,59100
2479,2016-09-05 10:11:18,TRADE,13.87,3000
2480,2016-09-05 10:11:18,ASK,13.87,56100
2481,2016-09-05 10:11:18,TRADE,13.87,200
2482,2016-09-05 10:11:18,ASK,13.87,55900
2483,2016-09-05 10:11:18,TRADE,13.87,5000
2484,2016-09-05 10:11:18,ASK,13.87,50900
2485,2016-09-05 10:11:18,BID,13.86,52800
2486,2016-09-05 10:11:18,TRADE,13.87,5000
2487,2016-09-05 10:11:18,ASK,13.87,45900
2488,2016-09-05 10:11:18,TRADE,13.87,5000
2489,2016-09-05 10:11:18,ASK,13.87,40900
2490,2016-09-05 10:11:18,TRADE,13.87,5000
2491,2016-09-05 10:11:18,ASK,13.87,35900
2492,2016-09-05 10:11:18,TRADE,13.87,5000
2493,2016-09-05 10:11:18,ASK,13.87,30900
2494,2016-09-05 10:11:19,BID,13.86,49800
2495,2016-09-05 10:11:19,TRADE,13.87,1200
2496,2016-09-05 10:11:19,ASK,13.87,29700
2497,2016-09-05 10:11:19,TRADE,13.87,5000
2498,2016-09-05 10:11:19,ASK,13.87,24700
2499,2016-09-05 10:11:19,ASK,13.87,24900
2500,2016-09-05 10:11:19,BID,13.86,52800
2501,2016-09-05 10:11:19,TRADE,13.87,200
2502,2016-09-05 10:11:19,ASK,13.87,24700
2503,2016-09-05 10:11:19,ASK,13.87,24800
2504,2016-09-05 10:11:20,BID,13.86,51600
2505,2016-09-05 10:11:20,BID,13.86,48600
2506,2016-09-05 10:11:20,TRADE,13.86,1000
2507,2016-09-05 10:11:20,BID,13.86,47600
2508,2016-09-05 10:11:20,TRADE,13.86,1000
2509,2016-09-05 10:11:20,TRADE,13.86,1000
2510,2016-09-05 10:11:20,BID,13.86,45600
2511,2016-09-05 10:11:20,TRADE,13.87,5000
2512,2016-09-05 10:11:20,ASK,13.87,19800
2513,2016-09-05 10:11:20,TRADE,13.86,1000
2514,2016-09-05 10:11:20,BID,13.86,44600
2515,2016-09-05 10:11:20,TRADE,13.87,5000
2516,2016-09-05 10:11:20,ASK,13.87,14800
2517,2016-09-05 10:11:21,TRADE,13.87,100
2518,2016-09-05 10:11:21,ASK,13.87,14700
2519,2016-09-05 10:11:21,TRADE,13.87,1100
2520,2016-09-05 10:11:21,TRADE,13.87,700
2521,2016-09-05 10:11:21,TRADE,13.87,100
2522,2016-09-05 10:11:21,TRADE,13.87,3100
2523,2016-09-05 10:11:21,ASK,13.87,9700
2524,2016-09-05 10:11:21,ASK,13.87,300
2525,2016-09-05 10:11:21,TRADE,13.87,200
2526,2016-09-05 10:11:21,BID,13.86,39600
2527,2016-09-05 10:11:21,ASK,13.87,100
2529,2016-09-05 10:11:21,TRADE,13.87,100
2530,2016-09-05 10:11:21,BID,13.87,900
2531,2016-09-05 10:11:21,ASK,13.88,45300
2533,2016-09-05 10:11:21,BID,13.87,5900
2534,2016-09-05 10:11:21,TRADE,13.87,900
2535,2016-09-05 10:11:21,BID,13.87,5000
2536,2016-09-05 10:11:21,BID,13.87,8400
2537,2016-09-05 10:11:21,TRADE,13.88,1200
2538,2016-09-05 10:11:21,ASK,13.88,44100
2539,2016-09-05 10:11:21,ASK,13.88,46100
2540,2016-09-05 10:11:21,TRADE,13.88,1000
2541,2016-09-05 10:11:21,ASK,13.88,45100
2542,2016-09-05 10:11:21,ASK,13.88,47100
2543,2016-09-05 10:11:21,TRADE,13.88,1100
2544,2016-09-05 10:11:21,ASK,13.88,46000
2545,2016-09-05 10:11:21,ASK,13.88,44000
2546,2016-09-05 10:11:21,TRADE,13.88,1900
2547,2016-09-05 10:11:21,ASK,13.88,42100
2548,2016-09-05 10:11:21,TRADE,13.88,1500
2549,2016-09-05 10:11:21,ASK,13.88,40600
2550,2016-09-05 10:11:21,TRADE,13.88,1700
2551,2016-09-05 10:11:21,ASK,13.88,38900
2552,2016-09-05 10:11:21,BID,13.87,8700
2553,2016-09-05 10:11:21,TRADE,13.88,1000
2554,2016-09-05 10:11:21,ASK,13.88,37900
2555,2016-09-05 10:11:21,TRADE,13.88,1300
2556,2016-09-05 10:11:21,ASK,13.88,36600
2557,2016-09-05 10:11:21,ASK,13.88,34300
2558,2016-09-05 10:11:21,TRADE,13.88,500
2559,2016-09-05 10:11:21,TRADE,13.88,700
2560,2016-09-05 10:11:21,ASK,13.88,33100
2561,2016-09-05 10:11:21,ASK,13.88,28100
2562,2016-09-05 10:11:21,TRADE,13.88,1100
2563,2016-09-05 10:11:21,ASK,13.88,27000
2564,2016-09-05 10:11:21,TRADE,13.88,600
2565,2016-09-05 10:11:21,TRADE,13.88,300
2566,2016-09-05 10:11:21,ASK,13.88,26100
2567,2016-09-05 10:11:21,TRADE,13.88,200
2568,2016-09-05 10:11:21,ASK,13.88,25900
2569,2016-09-05 10:11:21,BID,13.87,13700
2570,2016-09-05 10:11:21,TRADE,13.88,400
2571,2016-09-05 10:11:21,ASK,13.88,25500
2572,2016-09-05 10:11:21,BID,13.87,18900
2573,2016-09-05 10:11:22,ASK,13.88,24000
