,Date,Type,Price,Size
0,2016-07-26 10:02:00,TRADE,11.95,7400
1,2016-07-26 10:02:00,BID,11.95,22700
2,2016-07-26 10:02:00,ASK,11.96,6000
3,2016-07-26 10:02:00,TRADE,11.96,6000
4,2016-07-26 10:02:00,ASK,11.98,7100
5,2016-07-26 10:02:00,BID,11.96,5000
6,2016-07-26 10:02:00,ASK,11.98,12100
7,2016-07-26 10:02:00,ASK,11.97,100
8,2016-07-26 10:02:00,TRADE,11.96,100
9,2016-07-26 10:02:00,BID,11.96,4900
10,2016-07-26 10:02:00,ASK,11.97,5100
11,2016-07-26 10:02:00,TRADE,11.96,4900
12,2016-07-26 10:02:00,BID,11.95,27900
13,2016-07-26 10:02:00,BID,11.96,5000
14,2016-07-26 10:02:00,TRADE,11.96,3800
15,2016-07-26 10:02:00,BID,11.96,1200
16,2016-07-26 10:02:00,ASK,11.97,5600
17,2016-07-26 10:02:00,TRADE,11.96,400
18,2016-07-26 10:02:00,BID,11.96,800
19,2016-07-26 10:02:00,TRADE,11.96,800
20,2016-07-26 10:02:00,BID,11.95,27900
21,2016-07-26 10:02:00,TRADE,11.95,2600
22,2016-07-26 10:02:00,TRADE,11.95,500
23,2016-07-26 10:02:00,TRADE,11.95,200
24,2016-07-26 10:02:00,TRADE,11.95,200
25,2016-07-26 10:02:00,TRADE,11.95,200
25,2016-07-26 10:02:00,BID,11.95,24200
26,2016-07-26 10:02:00,ASK,11.96,300
27,2016-07-26 10:02:00,TRADE,11.95,200
28,2016-07-26 10:02:00,TRADE,11.95,500
29,2016-07-26 10:02:00,TRADE,11.95,300
30,2016-07-26 10:02:00,BID,11.95,23200
31,2016-07-26 10:02:00,TRADE,11.95,400
32,2016-07-26 10:02:00,BID,11.95,22800
33,2016-07-26 10:02:00,TRADE,11.95,300
34,2016-07-26 10:02:00,TRADE,11.95,200
35,2016-07-26 10:02:00,TRADE,11.95,300
36,2016-07-26 10:02:00,TRADE,11.95,5000
37,2016-07-26 10:02:00,TRADE,11.95,1000
38,2016-07-26 10:02:00,TRADE,11.95,10000
39,2016-07-26 10:02:00,TRADE,11.95,100
40,2016-07-26 10:02:00,TRADE,11.95,700
41,2016-07-26 10:02:00,TRADE,11.95,2400
42,2016-07-26 10:02:00,BID,11.95,2800
43,2016-07-26 10:02:00,TRADE,11.96,100
44,2016-07-26 10:02:00,BID,11.95,2700
45,2016-07-26 10:02:00,ASK,11.96,200
46,2016-07-26 10:02:00,ASK,11.96,2200
47,2016-07-26 10:02:00,TRADE,11.96,200
48,2016-07-26 10:02:00,TRADE,11.96,300
49,2016-07-26 10:02:00,ASK,11.96,1700
50,2016-07-26 10:02:00,TRADE,11.95,1000
51,2016-07-26 10:02:00,BID,11.95,1700
52,2016-07-26 10:02:00,TRADE,11.95,300
53,2016-07-26 10:02:00,BID,11.95,1400
55,2016-07-26 10:02:01,BID,11.95,100
56,2016-07-26 10:02:01,TRADE,11.95,100
57,2016-07-26 10:02:01,BID,11.94,5000
58,2016-07-26 10:02:02,TRADE,11.96,1200
59,2016-07-26 10:02:02,ASK,11.96,500
60,2016-07-26 10:02:02,TRADE,11.94,1000
61,2016-07-26 10:02:02,BID,11.94,4000
62,2016-07-26 10:02:02,TRADE,11.94,4000
63,2016-07-26 10:02:02,BID,11.93,58800
64,2016-07-26 10:02:02,TRADE,11.96,500
65,2016-07-26 10:02:02,ASK,11.97,5600
66,2016-07-26 10:02:02,TRADE,11.97,100
67,2016-07-26 10:02:02,TRADE,11.97,400
67,2016-07-26 10:02:02,ASK,11.97,5100
68,2016-07-26 10:02:04,TRADE,11.93,1800
69,2016-07-26 10:02:04,TRADE,11.93,1200
70,2016-07-26 10:02:04,BID,11.93,55800
71,2016-07-26 10:02:04,ASK,11.95,2000
72,2016-07-26 10:02:04,TRADE,11.95,2000
73,2016-07-26 10:02:04,ASK,11.96,5000
74,2016-07-26 10:02:04,TRADE,11.93,800
75,2016-07-26 10:02:04,TRADE,11.93,1200
76,2016-07-26 10:02:04,BID,11.93,53800
77,2016-07-26 10:02:04,TRADE,11.96,3000
78,2016-07-26 10:02:04,ASK,11.96,2000
79,2016-07-26 10:02:04,ASK,11.97,5100
80,2016-07-26 10:02:04,TRADE,11.97,4600
81,2016-07-26 10:02:04,TRADE,11.97,500
82,2016-07-26 10:02:04,BID,11.97,5900
83,2016-07-26 10:02:04,ASK,11.98,12100
84,2016-07-26 10:02:04,TRADE,11.97,5900
85,2016-07-26 10:02:04,BID,11.95,5000
86,2016-07-26 10:02:04,BID,11.96,4300
87,2016-07-26 10:02:04,BID,11.96,7300
88,2016-07-26 10:02:04,TRADE,11.96,300
89,2016-07-26 10:02:04,BID,11.96,7000
90,2016-07-26 10:02:05,TRADE,11.96,4000
91,2016-07-26 10:02:05,TRADE,11.96,3000
92,2016-07-26 10:02:05,BID,11.95,5000
93,2016-07-26 10:02:06,ASK,11.98,13100
94,2016-07-26 10:02:06,ASK,11.98,13600
95,2016-07-26 10:02:07,TRADE,11.98,1000
96,2016-07-26 10:02:07,TRADE,11.98,1000
97,2016-07-26 10:02:07,TRADE,11.98,100
98,2016-07-26 10:02:07,TRADE,11.98,400
99,2016-07-26 10:02:07,ASK,11.98,11100
100,2016-07-26 10:02:07,BID,11.96,5000
101,2016-07-26 10:02:08,ASK,11.97,1000
102,2016-07-26 10:02:10,ASK,11.97,1100
103,2016-07-26 10:02:12,ASK,11.97,6100
104,2016-07-26 10:02:16,TRADE,11.97,1000
105,2016-07-26 10:02:16,TRADE,11.97,100
106,2016-07-26 10:02:16,TRADE,11.97,3900
107,2016-07-26 10:02:16,ASK,11.97,1100
108,2016-07-26 10:02:17,TRADE,11.96,5000
109,2016-07-26 10:02:17,BID,11.95,6800
110,2016-07-26 10:02:19,BID,11.96,7700
111,2016-07-26 10:02:20,TRADE,11.96,100
112,2016-07-26 10:02:20,BID,11.96,7600
113,2016-07-26 10:02:21,TRADE,11.97,300
114,2016-07-26 10:02:21,ASK,11.97,800
115,2016-07-26 10:02:21,BID,11.96,12600
116,2016-07-26 10:02:21,TRADE,11.96,2000
117,2016-07-26 10:02:21,BID,11.96,10600
118,2016-07-26 10:02:21,TRADE,11.97,800
119,2016-07-26 10:02:21,BID,11.97,900
120,2016-07-26 10:02:21,ASK,11.98,11100
121,2016-07-26 10:02:22,TRADE,11.97,900
122,2016-07-26 10:02:22,BID,11.96,10600
123,2016-07-26 10:02:23,TRADE,11.98,4600
124,2016-07-26 10:02:23,TRADE,11.98,5000
125,2016-07-26 10:02:23,TRADE,11.98,1000
126,2016-07-26 10:02:23,TRADE,11.98,500
127,2016-07-26 10:02:23,BID,11.98,21900
128,2016-07-26 10:02:23,ASK,11.99,29100
129,2016-07-26 10:02:23,TRADE,11.98,21900
130,2016-07-26 10:02:23,BID,11.96,10600
131,2016-07-26 10:02:23,BID,11.97,5000
132,2016-07-26 10:02:23,ASK,11.98,5000
133,2016-07-26 10:02:25,ASK,11.98,5100
134,2016-07-26 10:02:25,TRADE,11.98,4000
135,2016-07-26 10:02:25,ASK,11.98,1100
136,2016-07-26 10:02:26,TRADE,11.97,5000
137,2016-07-26 10:02:26,BID,11.96,10700
138,2016-07-26 10:02:26,TRADE,11.96,5000
138,2016-07-26 10:02:26,BID,11.96,5700
139,2016-07-26 10:02:26,ASK,11.98,11100
140,2016-07-26 10:02:27,BID,11.96,7700
141,2016-07-26 10:02:28,BID,11.96,7600
142,2016-07-26 10:02:29,ASK,11.98,11000
143,2016-07-26 10:02:29,TRADE,11.96,600
144,2016-07-26 10:02:29,TRADE,11.96,1400
145,2016-07-26 10:02:29,BID,11.96,5600
146,2016-07-26 10:02:30,TRADE,11.98,1000
147,2016-07-26 10:02:30,TRADE,11.98,1400
148,2016-07-26 10:02:30,ASK,11.98,8600
149,2016-07-26 10:02:30,ASK,11.98,13600
150,2016-07-26 10:02:33,TRADE,11.96,3300
151,2016-07-26 10:02:33,BID,11.96,2300
152,2016-07-26 10:02:33,ASK,11.97,5000
153,2016-07-26 10:02:33,BID,11.96,2400
154,2016-07-26 10:02:34,ASK,11.97,5100
155,2016-07-26 10:02:36,BID,11.96,102400
156,2016-07-26 10:02:36,ASK,11.97,100
157,2016-07-26 10:02:36,TRADE,11.97,100
158,2016-07-26 10:02:36,BID,11.97,4900
159,2016-07-26 10:02:36,ASK,11.98,13600
160,2016-07-26 10:02:36,ASK,11.98,8600
161,2016-07-26 10:02:36,TRADE,11.97,2300
162,2016-07-26 10:02:36,BID,11.97,2600
163,2016-07-26 10:02:36,BID,11.97,4200
164,2016-07-26 10:02:37,TRADE,11.98,3000
165,2016-07-26 10:02:37,ASK,11.98,5600
166,2016-07-26 10:02:37,TRADE,11.98,5600
167,2016-07-26 10:02:37,ASK,11.99,29100
169,2016-07-26 10:02:38,ASK,11.98,600
171,2016-07-26 10:02:39,TRADE,11.98,500
172,2016-07-26 10:02:39,ASK,11.98,100
173,2016-07-26 10:02:40,BID,11.97,4300
174,2016-07-26 10:02:40,TRADE,11.98,100
175,2016-07-26 10:02:40,BID,11.98,3200
176,2016-07-26 10:02:40,ASK,11.99,29100
177,2016-07-26 10:02:40,BID,11.98,8200
178,2016-07-26 10:02:40,TRADE,11.98,100
179,2016-07-26 10:02:40,BID,11.98,8100
182,2016-07-26 10:02:42,TRADE,11.99,100
183,2016-07-26 10:02:42,TRADE,11.99,2000
184,2016-07-26 10:02:42,TRADE,11.99,1000
185,2016-07-26 10:02:42,TRADE,11.99,5000
186,2016-07-26 10:02:42,TRADE,11.99,1000
187,2016-07-26 10:02:42,TRADE,11.99,900
188,2016-07-26 10:02:42,ASK,11.99,19100
189,2016-07-26 10:02:42,TRADE,11.98,1800
190,2016-07-26 10:02:42,BID,11.98,6300
191,2016-07-26 10:02:46,BID,11.98,6400
192,2016-07-26 10:02:48,TRADE,11.98,500
193,2016-07-26 10:02:48,BID,11.98,5900
194,2016-07-26 10:02:49,TRADE,11.98,800
195,2016-07-26 10:02:49,TRADE,11.98,5000
196,2016-07-26 10:02:49,TRADE,11.98,100
197,2016-07-26 10:02:49,BID,11.97,34300
198,2016-07-26 10:02:49,ASK,11.98,4100
199,2016-07-26 10:02:49,BID,11.97,34200
200,2016-07-26 10:02:49,BID,11.97,24200
202,2016-07-26 10:02:50,ASK,11.98,9100
203,2016-07-26 10:02:51,TRADE,11.98,1500
204,2016-07-26 10:02:51,ASK,11.98,7600
205,2016-07-26 10:02:51,BID,11.97,24300
206,2016-07-26 10:02:52,ASK,11.98,8100
207,2016-07-26 10:02:55,ASK,11.98,23100
208,2016-07-26 10:02:58,ASK,11.98,24100
209,2016-07-26 10:02:58,TRADE,11.97,100
210,2016-07-26 10:02:58,BID,11.97,24200
211,2016-07-26 10:02:59,TRADE,11.97,500
212,2016-07-26 10:02:59,BID,11.97,23700
213,2016-07-26 10:02:59,ASK,11.98,23600
214,2016-07-26 10:03:00,TRADE,11.97,500
215,2016-07-26 10:03:00,BID,11.97,23200
216,2016-07-26 10:03:01,BID,11.97,24200
217,2016-07-26 10:03:01,TRADE,11.97,300
218,2016-07-26 10:03:01,BID,11.97,23900
219,2016-07-26 10:03:04,ASK,11.98,24600
220,2016-07-26 10:03:05,TRADE,11.97,1200
221,2016-07-26 10:03:05,TRADE,11.97,1600
222,2016-07-26 10:03:05,TRADE,11.97,3000
223,2016-07-26 10:03:05,BID,11.97,18100
224,2016-07-26 10:03:05,TRADE,11.97,17000
225,2016-07-26 10:03:05,TRADE,11.97,100
226,2016-07-26 10:03:05,TRADE,11.97,1000
227,2016-07-26 10:03:05,BID,11.96,115400
228,2016-07-26 10:03:05,BID,11.96,115300
229,2016-07-26 10:03:05,BID,11.96,105300
230,2016-07-26 10:03:05,ASK,11.97,5000
232,2016-07-26 10:03:06,TRADE,11.97,5000
233,2016-07-26 10:03:06,ASK,11.98,34700
234,2016-07-26 10:03:06,ASK,11.98,34600
235,2016-07-26 10:03:06,ASK,11.98,24600
236,2016-07-26 10:03:07,BID,11.97,300
237,2016-07-26 10:03:07,BID,11.97,5300
239,2016-07-26 10:03:08,BID,11.97,9300
240,2016-07-26 10:03:10,TRADE,11.97,300
241,2016-07-26 10:03:10,TRADE,11.97,5000
242,2016-07-26 10:03:10,TRADE,11.97,4000
243,2016-07-26 10:03:10,BID,11.96,115400
244,2016-07-26 10:03:10,ASK,11.97,5700
245,2016-07-26 10:03:10,BID,11.96,115300
246,2016-07-26 10:03:10,BID,11.96,105300
247,2016-07-26 10:03:10,TRADE,11.96,300
248,2016-07-26 10:03:10,TRADE,11.96,1700
249,2016-07-26 10:03:10,BID,11.96,103300
251,2016-07-26 10:03:11,TRADE,11.97,300
252,2016-07-26 10:03:11,ASK,11.97,5400
253,2016-07-26 10:03:12,BID,11.96,113300
254,2016-07-26 10:03:12,ASK,11.97,30400
255,2016-07-26 10:03:12,BID,11.96,103300
256,2016-07-26 10:03:12,ASK,11.97,35400
257,2016-07-26 10:03:13,TRADE,11.97,100
258,2016-07-26 10:03:13,ASK,11.97,35300
259,2016-07-26 10:03:14,TRADE,11.97,5300
260,2016-07-26 10:03:14,TRADE,11.97,9700
261,2016-07-26 10:03:14,ASK,11.97,20300
262,2016-07-26 10:03:14,ASK,11.97,15300
263,2016-07-26 10:03:14,BID,11.96,113300
264,2016-07-26 10:03:16,TRADE,11.96,300
265,2016-07-26 10:03:16,TRADE,11.96,700
266,2016-07-26 10:03:16,BID,11.96,112300
267,2016-07-26 10:03:17,ASK,11.97,20300
268,2016-07-26 10:03:17,TRADE,11.96,100
269,2016-07-26 10:03:17,BID,11.96,112200
270,2016-07-26 10:03:17,TRADE,11.97,3500
271,2016-07-26 10:03:17,ASK,11.97,16800
272,2016-07-26 10:03:18,TRADE,11.96,2000
273,2016-07-26 10:03:18,BID,11.96,110200
274,2016-07-26 10:03:18,TRADE,11.97,11800
275,2016-07-26 10:03:18,TRADE,11.97,5000
276,2016-07-26 10:03:18,BID,11.97,3200
277,2016-07-26 10:03:18,ASK,11.98,9700
278,2016-07-26 10:03:18,BID,11.97,8200
279,2016-07-26 10:03:18,ASK,11.98,9600
281,2016-07-26 10:03:18,BID,11.97,18200
282,2016-07-26 10:03:18,TRADE,11.97,3200
283,2016-07-26 10:03:18,TRADE,11.97,800
284,2016-07-26 10:03:18,BID,11.97,14200
285,2016-07-26 10:03:18,BID,11.97,4200
286,2016-07-26 10:03:20,TRADE,11.97,2000
287,2016-07-26 10:03:20,BID,11.97,2200
288,2016-07-26 10:03:25,ASK,11.98,9700
289,2016-07-26 10:03:25,BID,11.97,4200
290,2016-07-26 10:03:26,BID,11.97,5200
291,2016-07-26 10:03:27,TRADE,11.97,700
292,2016-07-26 10:03:27,BID,11.97,4500
293,2016-07-26 10:03:27,TRADE,11.97,1000
294,2016-07-26 10:03:27,BID,11.97,3500
295,2016-07-26 10:03:31,BID,11.97,15500
296,2016-07-26 10:03:32,ASK,11.98,10700
297,2016-07-26 10:03:33,ASK,11.98,10600
298,2016-07-26 10:03:34,BID,11.97,16500
299,2016-07-26 10:03:37,TRADE,11.97,100
300,2016-07-26 10:03:37,BID,11.97,16400
301,2016-07-26 10:03:38,ASK,11.98,15600
302,2016-07-26 10:03:38,TRADE,11.98,2600
303,2016-07-26 10:03:38,TRADE,11.98,1500
304,2016-07-26 10:03:38,ASK,11.98,11500
305,2016-07-26 10:03:42,TRADE,11.98,3000
306,2016-07-26 10:03:42,ASK,11.98,8500
307,2016-07-26 10:03:42,ASK,11.98,8000
308,2016-07-26 10:03:42,BID,11.97,26400
309,2016-07-26 10:03:42,TRADE,11.98,1000
310,2016-07-26 10:03:42,TRADE,11.98,1000
311,2016-07-26 10:03:42,TRADE,11.98,1000
312,2016-07-26 10:03:42,TRADE,11.98,5000
313,2016-07-26 10:03:42,BID,11.98,1000
314,2016-07-26 10:03:42,ASK,11.99,30700
315,2016-07-26 10:03:42,ASK,11.99,30600
316,2016-07-26 10:03:42,BID,11.98,6000
317,2016-07-26 10:03:42,TRADE,11.98,100
318,2016-07-26 10:03:42,BID,11.98,5900
321,2016-07-26 10:03:43,TRADE,11.98,100
322,2016-07-26 10:03:43,BID,11.98,5800
323,2016-07-26 10:03:45,TRADE,11.99,10000
324,2016-07-26 10:03:45,ASK,11.99,20600
325,2016-07-26 10:03:46,TRADE,11.98,800
326,2016-07-26 10:03:46,TRADE,11.98,4200
327,2016-07-26 10:03:46,BID,11.98,800
328,2016-07-26 10:03:48,ASK,11.99,20500
329,2016-07-26 10:03:52,TRADE,11.99,3600
330,2016-07-26 10:03:52,ASK,11.99,16900
331,2016-07-26 10:03:57,BID,11.98,2600
332,2016-07-26 10:03:57,BID,11.98,5200
333,2016-07-26 10:03:57,TRADE,11.98,100
334,2016-07-26 10:03:57,BID,11.98,5100
335,2016-07-26 10:03:58,BID,11.98,6900
336,2016-07-26 10:04:03,BID,11.98,8400
337,2016-07-26 10:04:04,TRADE,11.98,700
338,2016-07-26 10:04:04,TRADE,11.98,300
339,2016-07-26 10:04:04,BID,11.98,7400
340,2016-07-26 10:04:04,BID,11.98,10400
341,2016-07-26 10:04:08,TRADE,11.99,2000
342,2016-07-26 10:04:08,ASK,11.99,14900
343,2016-07-26 10:04:08,TRADE,11.99,100
344,2016-07-26 10:04:08,ASK,11.99,14800
345,2016-07-26 10:04:08,TRADE,11.99,100
346,2016-07-26 10:04:08,ASK,11.99,14700
347,2016-07-26 10:04:08,TRADE,11.99,100
348,2016-07-26 10:04:08,ASK,11.99,14600
349,2016-07-26 10:04:08,TRADE,11.99,700
350,2016-07-26 10:04:08,ASK,11.99,13900
351,2016-07-26 10:04:08,TRADE,11.99,100
352,2016-07-26 10:04:08,ASK,11.99,13800
353,2016-07-26 10:04:08,TRADE,11.99,100
354,2016-07-26 10:04:08,ASK,11.99,13700
355,2016-07-26 10:04:08,BID,11.98,10500
356,2016-07-26 10:04:08,ASK,11.99,13800
357,2016-07-26 10:04:08,BID,11.98,18500
358,2016-07-26 10:04:08,ASK,11.99,8800
359,2016-07-26 10:04:09,BID,11.98,20700
360,2016-07-26 10:04:12,ASK,11.99,10700
361,2016-07-26 10:04:12,BID,11.98,20800
362,2016-07-26 10:04:12,TRADE,11.99,2000
363,2016-07-26 10:04:12,ASK,11.99,8700
364,2016-07-26 10:04:12,TRADE,11.99,300
365,2016-07-26 10:04:12,TRADE,11.99,5300
366,2016-07-26 10:04:12,ASK,11.99,3100
367,2016-07-26 10:04:13,TRADE,11.99,1000
368,2016-07-26 10:04:13,ASK,11.99,2100
369,2016-07-26 10:04:13,BID,11.98,30800
370,2016-07-26 10:04:13,TRADE,11.99,100
371,2016-07-26 10:04:13,BID,11.98,30700
372,2016-07-26 10:04:13,ASK,11.99,2000
373,2016-07-26 10:04:13,TRADE,11.99,100
374,2016-07-26 10:04:13,ASK,11.99,1900
375,2016-07-26 10:04:13,TRADE,11.99,100
376,2016-07-26 10:04:13,ASK,11.99,1800
377,2016-07-26 10:04:13,TRADE,11.99,100
378,2016-07-26 10:04:13,ASK,11.99,1700
379,2016-07-26 10:04:13,TRADE,11.99,100
380,2016-07-26 10:04:13,ASK,11.99,1600
381,2016-07-26 10:04:13,TRADE,11.99,100
382,2016-07-26 10:04:13,ASK,11.99,1500
383,2016-07-26 10:04:13,TRADE,11.99,100
384,2016-07-26 10:04:13,ASK,11.99,1400
385,2016-07-26 10:04:13,TRADE,11.99,100
386,2016-07-26 10:04:13,ASK,11.99,1300
387,2016-07-26 10:04:13,TRADE,11.99,100
388,2016-07-26 10:04:13,ASK,11.99,1200
389,2016-07-26 10:04:13,TRADE,11.99,100
390,2016-07-26 10:04:13,ASK,11.99,1100
391,2016-07-26 10:04:13,TRADE,11.99,100
392,2016-07-26 10:04:13,ASK,11.99,1000
393,2016-07-26 10:04:13,TRADE,11.99,100
394,2016-07-26 10:04:13,ASK,11.99,900
395,2016-07-26 10:04:13,TRADE,11.99,100
396,2016-07-26 10:04:13,ASK,11.99,800
397,2016-07-26 10:04:13,TRADE,11.99,100
398,2016-07-26 10:04:13,ASK,11.99,700
399,2016-07-26 10:04:13,TRADE,11.99,100
400,2016-07-26 10:04:13,ASK,11.99,600
401,2016-07-26 10:04:13,TRADE,11.99,100
402,2016-07-26 10:04:13,ASK,11.99,500
403,2016-07-26 10:04:13,TRADE,11.99,100
404,2016-07-26 10:04:13,ASK,11.99,400
405,2016-07-26 10:04:13,BID,11.98,30800
406,2016-07-26 10:04:13,TRADE,11.99,100
407,2016-07-26 10:04:13,BID,11.98,30700
408,2016-07-26 10:04:13,ASK,11.99,300
409,2016-07-26 10:04:13,TRADE,11.99,100
410,2016-07-26 10:04:13,ASK,11.99,200
411,2016-07-26 10:04:13,BID,11.98,30800
412,2016-07-26 10:04:13,TRADE,11.98,1500
413,2016-07-26 10:04:13,TRADE,11.98,2600
414,2016-07-26 10:04:13,TRADE,11.98,900
415,2016-07-26 10:04:13,BID,11.98,25800
416,2016-07-26 10:04:13,BID,11.98,15800
417,2016-07-26 10:04:13,ASK,11.99,5200
418,2016-07-26 10:04:14,TRADE,11.99,100
419,2016-07-26 10:04:14,BID,11.98,15700
420,2016-07-26 10:04:14,ASK,11.99,5100
421,2016-07-26 10:04:14,TRADE,11.99,100
422,2016-07-26 10:04:14,ASK,11.99,5000
423,2016-07-26 10:04:14,TRADE,11.99,100
424,2016-07-26 10:04:14,ASK,11.99,4900
425,2016-07-26 10:04:14,TRADE,11.99,100
426,2016-07-26 10:04:14,ASK,11.99,4800
427,2016-07-26 10:04:14,TRADE,11.98,100
428,2016-07-26 10:04:14,BID,11.98,15600
429,2016-07-26 10:04:14,TRADE,11.99,100
430,2016-07-26 10:04:14,ASK,11.99,4700
431,2016-07-26 10:04:14,TRADE,11.99,100
432,2016-07-26 10:04:14,ASK,11.99,4600
433,2016-07-26 10:04:14,TRADE,11.99,100
434,2016-07-26 10:04:14,ASK,11.99,4500
435,2016-07-26 10:04:14,TRADE,11.99,100
436,2016-07-26 10:04:14,ASK,11.99,4400
437,2016-07-26 10:04:14,TRADE,11.99,100
438,2016-07-26 10:04:14,ASK,11.99,4300
439,2016-07-26 10:04:14,BID,11.98,15700
440,2016-07-26 10:04:14,TRADE,11.99,100
441,2016-07-26 10:04:14,BID,11.98,15600
442,2016-07-26 10:04:14,ASK,11.99,4200
443,2016-07-26 10:04:14,TRADE,11.99,4000
444,2016-07-26 10:04:14,ASK,11.99,200
445,2016-07-26 10:04:14,ASK,12.0,35400
446,2016-07-26 10:04:14,BID,11.98,15700
447,2016-07-26 10:04:15,BID,11.98,25700
448,2016-07-26 10:04:15,BID,11.98,35700
449,2016-07-26 10:04:15,BID,11.99,300
450,2016-07-26 10:04:15,BID,11.99,5300
451,2016-07-26 10:04:15,BID,11.99,5400
452,2016-07-26 10:04:15,TRADE,11.99,100
453,2016-07-26 10:04:15,BID,11.99,5300
454,2016-07-26 10:04:15,ASK,12.0,35500
455,2016-07-26 10:04:16,TRADE,11.99,200
456,2016-07-26 10:04:16,TRADE,11.99,700
457,2016-07-26 10:04:16,BID,11.99,4400
458,2016-07-26 10:04:16,TRADE,12.0,100
459,2016-07-26 10:04:16,BID,11.99,4300
460,2016-07-26 10:04:16,ASK,12.0,35400
461,2016-07-26 10:04:16,TRADE,12.0,100
462,2016-07-26 10:04:16,ASK,12.0,35300
463,2016-07-26 10:04:16,BID,11.99,4400
464,2016-07-26 10:04:16,ASK,12.0,35200
465,2016-07-26 10:04:17,TRADE,12.0,300
466,2016-07-26 10:04:17,TRADE,12.0,100
467,2016-07-26 10:04:17,TRADE,12.0,100
468,2016-07-26 10:04:17,ASK,12.0,34700
469,2016-07-26 10:04:17,TRADE,12.0,100
470,2016-07-26 10:04:17,BID,11.99,4300
471,2016-07-26 10:04:17,ASK,12.0,34600
472,2016-07-26 10:04:17,BID,11.99,4400
473,2016-07-26 10:04:17,TRADE,12.0,100
474,2016-07-26 10:04:17,BID,11.99,4300
475,2016-07-26 10:04:17,ASK,12.0,34500
476,2016-07-26 10:04:17,BID,11.99,4400
477,2016-07-26 10:04:19,TRADE,12.0,500
478,2016-07-26 10:04:19,ASK,12.0,34000
479,2016-07-26 10:04:19,TRADE,12.0,100
480,2016-07-26 10:04:19,BID,11.99,4300
481,2016-07-26 10:04:19,ASK,12.0,33900
482,2016-07-26 10:04:19,BID,11.99,4400
483,2016-07-26 10:04:22,BID,11.99,4500
484,2016-07-26 10:04:24,TRADE,12.0,1000
485,2016-07-26 10:04:24,ASK,12.0,32900
486,2016-07-26 10:04:24,TRADE,12.0,100
487,2016-07-26 10:04:24,BID,11.99,4400
488,2016-07-26 10:04:24,ASK,12.0,32800
489,2016-07-26 10:04:24,TRADE,12.0,100
490,2016-07-26 10:04:24,ASK,12.0,32700
491,2016-07-26 10:04:24,BID,11.99,4500
492,2016-07-26 10:04:25,TRADE,12.0,1900
493,2016-07-26 10:04:25,TRADE,12.0,300
494,2016-07-26 10:04:25,ASK,12.0,30500
495,2016-07-26 10:04:25,TRADE,12.0,100
496,2016-07-26 10:04:25,BID,11.99,4400
497,2016-07-26 10:04:25,ASK,12.0,30400
498,2016-07-26 10:04:25,TRADE,12.0,100
499,2016-07-26 10:04:25,ASK,12.0,30300
500,2016-07-26 10:04:25,TRADE,12.0,100
501,2016-07-26 10:04:25,ASK,12.0,30200
502,2016-07-26 10:04:25,TRADE,12.0,100
503,2016-07-26 10:04:25,ASK,12.0,30100
504,2016-07-26 10:04:25,BID,11.99,4500
505,2016-07-26 10:04:25,BID,11.99,200
506,2016-07-26 10:04:25,TRADE,12.0,100
507,2016-07-26 10:04:25,BID,11.99,100
508,2016-07-26 10:04:25,ASK,12.0,30000
509,2016-07-26 10:04:25,BID,11.99,200
510,2016-07-26 10:04:26,BID,11.99,500
511,2016-07-26 10:04:26,TRADE,12.0,1000
512,2016-07-26 10:04:26,TRADE,12.0,100
513,2016-07-26 10:04:26,TRADE,12.0,1000
514,2016-07-26 10:04:26,TRADE,12.0,3600
515,2016-07-26 10:04:26,TRADE,12.0,5000
516,2016-07-26 10:04:26,TRADE,12.0,100
517,2016-07-26 10:04:26,TRADE,12.0,1000
518,2016-07-26 10:04:26,TRADE,12.0,1500
519,2016-07-26 10:04:26,TRADE,12.0,5000
520,2016-07-26 10:04:26,TRADE,12.0,10000
521,2016-07-26 10:04:26,TRADE,12.0,1500
522,2016-07-26 10:04:26,TRADE,12.0,100
523,2016-07-26 10:04:26,TRADE,12.0,100
524,2016-07-26 10:04:26,ASK,12.01,22300
525,2016-07-26 10:04:26,TRADE,12.01,2000
526,2016-07-26 10:04:26,TRADE,12.01,5000
527,2016-07-26 10:04:26,TRADE,12.01,5000
528,2016-07-26 10:04:26,TRADE,12.01,100
529,2016-07-26 10:04:26,TRADE,12.01,100
530,2016-07-26 10:04:26,TRADE,12.01,10000
531,2016-07-26 10:04:26,TRADE,12.01,100
531,2016-07-26 10:04:26,BID,12.01,44900
532,2016-07-26 10:04:26,ASK,12.02,37500
533,2016-07-26 10:04:26,TRADE,12.01,5000
534,2016-07-26 10:04:26,BID,12.01,39900
535,2016-07-26 10:04:26,TRADE,12.01,5000
536,2016-07-26 10:04:26,BID,12.01,34900
537,2016-07-26 10:04:26,ASK,12.02,27500
538,2016-07-26 10:04:26,TRADE,12.01,34900
539,2016-07-26 10:04:26,BID,11.99,6200
540,2016-07-26 10:04:26,BID,12.0,5000
541,2016-07-26 10:04:26,ASK,12.02,27400
542,2016-07-26 10:04:26,BID,11.99,6200
543,2016-07-26 10:04:26,BID,12.0,300
544,2016-07-26 10:04:26,ASK,12.01,300
545,2016-07-26 10:04:26,ASK,12.01,600
546,2016-07-26 10:04:26,BID,12.0,700
547,2016-07-26 10:04:26,ASK,12.01,1000
548,2016-07-26 10:04:26,ASK,12.01,6000
549,2016-07-26 10:04:26,BID,12.0,1000
550,2016-07-26 10:04:26,ASK,12.01,1000
551,2016-07-26 10:04:26,ASK,12.01,600
552,2016-07-26 10:04:26,ASK,12.01,1000
553,2016-07-26 10:04:26,BID,12.0,1100
554,2016-07-26 10:04:26,BID,12.0,7300
555,2016-07-26 10:04:26,ASK,12.01,600
556,2016-07-26 10:04:26,ASK,12.01,800
557,2016-07-26 10:04:26,ASK,12.01,500
558,2016-07-26 10:04:26,TRADE,12.01,100
559,2016-07-26 10:04:26,BID,12.0,7200
560,2016-07-26 10:04:26,ASK,12.01,400
561,2016-07-26 10:04:26,TRADE,12.01,200
562,2016-07-26 10:04:26,TRADE,12.01,200
563,2016-07-26 10:04:26,ASK,12.02,27400
564,2016-07-26 10:04:26,ASK,12.01,300
565,2016-07-26 10:04:26,TRADE,12.01,100
566,2016-07-26 10:04:26,ASK,12.01,200
567,2016-07-26 10:04:26,TRADE,12.01,100
568,2016-07-26 10:04:26,ASK,12.01,100
569,2016-07-26 10:04:26,TRADE,12.01,100
570,2016-07-26 10:04:26,ASK,12.02,27400
571,2016-07-26 10:04:26,ASK,12.01,300
572,2016-07-26 10:04:26,TRADE,12.01,100
573,2016-07-26 10:04:26,ASK,12.01,200
574,2016-07-26 10:04:26,TRADE,12.01,100
575,2016-07-26 10:04:26,ASK,12.01,100
576,2016-07-26 10:04:26,TRADE,12.01,100
577,2016-07-26 10:04:26,ASK,12.02,27400
578,2016-07-26 10:04:26,ASK,12.01,300
579,2016-07-26 10:04:26,TRADE,12.01,100
580,2016-07-26 10:04:26,ASK,12.01,200
581,2016-07-26 10:04:26,TRADE,12.01,100
582,2016-07-26 10:04:26,ASK,12.01,100
583,2016-07-26 10:04:26,TRADE,12.01,100
584,2016-07-26 10:04:26,ASK,12.02,27400
585,2016-07-26 10:04:26,ASK,12.01,300
586,2016-07-26 10:04:26,TRADE,12.01,100
587,2016-07-26 10:04:26,ASK,12.01,200
588,2016-07-26 10:04:26,TRADE,12.01,100
589,2016-07-26 10:04:26,ASK,12.01,100
590,2016-07-26 10:04:26,TRADE,12.01,100
591,2016-07-26 10:04:26,ASK,12.02,27400
592,2016-07-26 10:04:26,ASK,12.01,300
593,2016-07-26 10:04:26,TRADE,12.01,100
594,2016-07-26 10:04:26,ASK,12.01,200
595,2016-07-26 10:04:26,BID,12.0,7300
596,2016-07-26 10:04:26,BID,12.0,19300
597,2016-07-26 10:04:26,BID,12.0,24300
598,2016-07-26 10:04:28,BID,12.0,26300
599,2016-07-26 10:04:29,ASK,12.01,600
600,2016-07-26 10:04:29,ASK,12.01,900
601,2016-07-26 10:04:29,ASK,12.01,5900
602,2016-07-26 10:04:30,BID,12.0,30800
603,2016-07-26 10:04:31,BID,12.0,30900
604,2016-07-26 10:04:32,ASK,12.01,900
605,2016-07-26 10:04:32,ASK,12.01,600
607,2016-07-26 10:04:36,TRADE,12.0,100
608,2016-07-26 10:04:36,BID,12.0,30800
609,2016-07-26 10:04:37,ASK,12.01,200
610,2016-07-26 10:04:37,ASK,12.02,37400
611,2016-07-26 10:04:37,ASK,12.02,27400
612,2016-07-26 10:04:37,BID,12.01,5000
613,2016-07-26 10:04:37,BID,12.01,5400
614,2016-07-26 10:04:37,BID,12.01,5700
615,2016-07-26 10:04:37,BID,12.01,5800
616,2016-07-26 10:04:37,BID,12.01,6100
617,2016-07-26 10:04:37,TRADE,12.01,100
618,2016-07-26 10:04:37,BID,12.01,6000
619,2016-07-26 10:04:37,BID,12.01,5700
620,2016-07-26 10:04:37,BID,12.01,6200
624,2016-07-26 10:04:37,ASK,12.02,22400
626,2016-07-26 10:04:38,TRADE,12.01,2200
627,2016-07-26 10:04:38,BID,12.01,4000
628,2016-07-26 10:04:38,BID,12.01,3600
630,2016-07-26 10:04:38,BID,12.01,3700
631,2016-07-26 10:04:39,BID,12.01,4700
632,2016-07-26 10:04:40,BID,12.01,6700
633,2016-07-26 10:04:40,BID,12.01,7100
634,2016-07-26 10:04:40,TRADE,12.01,2700
635,2016-07-26 10:04:40,TRADE,12.01,300
636,2016-07-26 10:04:40,TRADE,12.01,100
637,2016-07-26 10:04:40,TRADE,12.01,500
638,2016-07-26 10:04:40,TRADE,12.01,100
639,2016-07-26 10:04:40,TRADE,12.01,1000
640,2016-07-26 10:04:40,TRADE,12.01,300
641,2016-07-26 10:04:40,BID,12.01,2100
642,2016-07-26 10:04:40,BID,12.01,2400
643,2016-07-26 10:04:40,BID,12.01,2000
644,2016-07-26 10:04:40,BID,12.01,7000
645,2016-07-26 10:04:40,BID,12.01,7100
646,2016-07-26 10:04:40,TRADE,12.01,1700
647,2016-07-26 10:04:40,TRADE,12.01,300
648,2016-07-26 10:04:40,TRADE,12.01,500
649,2016-07-26 10:04:40,BID,12.01,4600
650,2016-07-26 10:04:40,BID,12.01,4900
651,2016-07-26 10:04:42,TRADE,12.01,4500
652,2016-07-26 10:04:42,TRADE,12.01,100
653,2016-07-26 10:04:42,TRADE,12.01,300
654,2016-07-26 10:04:42,BID,12.0,41400
655,2016-07-26 10:04:42,TRADE,12.0,200
656,2016-07-26 10:04:42,TRADE,12.0,400
657,2016-07-26 10:04:42,TRADE,12.0,300
658,2016-07-26 10:04:42,TRADE,12.0,4200
658,2016-07-26 10:04:42,BID,12.0,36300
659,2016-07-26 10:04:42,BID,12.01,300
660,2016-07-26 10:04:42,BID,12.0,36300
661,2016-07-26 10:04:42,BID,12.0,36200
662,2016-07-26 10:04:42,ASK,12.01,400
663,2016-07-26 10:04:42,BID,12.0,26200
664,2016-07-26 10:04:42,TRADE,12.01,100
665,2016-07-26 10:04:42,ASK,12.01,300
666,2016-07-26 10:04:42,TRADE,12.01,100
667,2016-07-26 10:04:42,ASK,12.01,200
668,2016-07-26 10:04:42,TRADE,12.01,100
669,2016-07-26 10:04:42,ASK,12.01,100
670,2016-07-26 10:04:42,TRADE,12.01,100
671,2016-07-26 10:04:42,ASK,12.02,22400
672,2016-07-26 10:04:42,BID,12.01,100
673,2016-07-26 10:04:42,BID,12.0,26300
674,2016-07-26 10:04:42,BID,12.01,100
675,2016-07-26 10:04:42,ASK,12.02,32400
678,2016-07-26 10:04:43,BID,12.01,1600
679,2016-07-26 10:04:43,ASK,12.02,24400
680,2016-07-26 10:04:44,BID,12.01,2600
681,2016-07-26 10:04:44,BID,12.01,2900
682,2016-07-26 10:04:44,ASK,12.02,14400
683,2016-07-26 10:04:44,BID,12.01,3300
684,2016-07-26 10:04:44,BID,12.01,3600
685,2016-07-26 10:04:48,BID,12.01,7100
686,2016-07-26 10:04:49,TRADE,12.01,100
687,2016-07-26 10:04:49,TRADE,12.01,1100
688,2016-07-26 10:04:49,BID,12.01,5900
689,2016-07-26 10:04:50,TRADE,12.01,400
690,2016-07-26 10:04:50,TRADE,12.01,1000
691,2016-07-26 10:04:50,TRADE,12.01,300
692,2016-07-26 10:04:50,TRADE,12.01,100
693,2016-07-26 10:04:50,BID,12.01,4100
694,2016-07-26 10:04:50,BID,12.01,4400
695,2016-07-26 10:04:50,BID,12.01,4100
696,2016-07-26 10:04:50,BID,12.01,9100
697,2016-07-26 10:04:50,BID,12.01,9500
698,2016-07-26 10:04:50,TRADE,12.01,100
699,2016-07-26 10:04:50,BID,12.01,9400
700,2016-07-26 10:04:54,BID,12.01,9000
701,2016-07-26 10:04:55,BID,12.01,10500
702,2016-07-26 10:04:55,BID,12.01,10900
703,2016-07-26 10:04:55,TRADE,12.01,100
704,2016-07-26 10:04:55,BID,12.01,10800
705,2016-07-26 10:05:00,BID,12.01,11600
706,2016-07-26 10:05:00,ASK,12.02,15400
707,2016-07-26 10:05:05,BID,12.01,16600
708,2016-07-26 10:05:06,BID,12.01,18600
709,2016-07-26 10:05:08,ASK,12.02,10400
710,2016-07-26 10:05:08,ASK,12.02,10800
711,2016-07-26 10:05:08,ASK,12.02,11100
712,2016-07-26 10:05:09,ASK,12.02,7100
713,2016-07-26 10:05:11,TRADE,12.01,100
714,2016-07-26 10:05:11,BID,12.01,18500
715,2016-07-26 10:05:12,TRADE,12.02,100
716,2016-07-26 10:05:12,TRADE,12.02,100
717,2016-07-26 10:05:12,TRADE,12.02,100
718,2016-07-26 10:05:12,TRADE,12.02,100
719,2016-07-26 10:05:12,TRADE,12.02,5000
720,2016-07-26 10:05:12,TRADE,12.02,1000
721,2016-07-26 10:05:12,TRADE,12.02,400
722,2016-07-26 10:05:12,TRADE,12.02,300
723,2016-07-26 10:05:12,BID,12.02,4900
724,2016-07-26 10:05:12,ASK,12.03,73100
725,2016-07-26 10:05:12,ASK,12.03,73000
726,2016-07-26 10:05:12,ASK,12.03,63000
728,2016-07-26 10:05:12,BID,12.02,9900
729,2016-07-26 10:05:12,BID,12.02,10200
730,2016-07-26 10:05:13,BID,12.02,10700
731,2016-07-26 10:05:13,TRADE,12.02,2000
732,2016-07-26 10:05:13,BID,12.02,8700
733,2016-07-26 10:05:13,ASK,12.03,58000
734,2016-07-26 10:05:14,TRADE,12.02,2900
735,2016-07-26 10:05:14,TRADE,12.02,2100
736,2016-07-26 10:05:14,BID,12.02,3700
737,2016-07-26 10:05:14,BID,12.02,3400
738,2016-07-26 10:05:14,BID,12.02,500
739,2016-07-26 10:05:14,ASK,12.03,68000
740,2016-07-26 10:05:14,ASK,12.03,67900
741,2016-07-26 10:05:14,ASK,12.03,72900
742,2016-07-26 10:05:14,TRADE,12.02,500
743,2016-07-26 10:05:14,BID,12.01,18500
744,2016-07-26 10:05:14,TRADE,12.01,100
744,2016-07-26 10:05:14,BID,12.01,18400
745,2016-07-26 10:05:14,ASK,12.02,300
746,2016-07-26 10:05:14,ASK,12.02,700
747,2016-07-26 10:05:14,ASK,12.02,1000
748,2016-07-26 10:05:14,ASK,12.02,6000
750,2016-07-26 10:05:14,TRADE,12.01,600
751,2016-07-26 10:05:14,BID,12.01,17800
752,2016-07-26 10:05:16,ASK,12.02,29900
753,2016-07-26 10:05:16,BID,12.01,17500
754,2016-07-26 10:05:16,ASK,12.02,34100
755,2016-07-26 10:05:17,ASK,12.02,34200
756,2016-07-26 10:05:17,TRADE,12.02,300
757,2016-07-26 10:05:17,TRADE,12.02,400
758,2016-07-26 10:05:17,TRADE,12.02,300
759,2016-07-26 10:05:17,TRADE,12.02,100
760,2016-07-26 10:05:17,ASK,12.02,33100
761,2016-07-26 10:05:17,ASK,12.02,38100
762,2016-07-26 10:05:18,TRADE,12.01,2800
763,2016-07-26 10:05:18,TRADE,12.01,200
764,2016-07-26 10:05:18,BID,12.01,14500
765,2016-07-26 10:05:18,BID,12.01,14100
766,2016-07-26 10:05:19,BID,12.01,15100
767,2016-07-26 10:05:21,TRADE,12.02,200
768,2016-07-26 10:05:21,ASK,12.02,37900
772,2016-07-26 10:05:23,BID,12.01,19100
773,2016-07-26 10:05:25,TRADE,12.02,200
774,2016-07-26 10:05:25,ASK,12.02,37700
781,2016-07-26 10:05:26,BID,12.01,19200
782,2016-07-26 10:05:28,BID,12.01,29200
783,2016-07-26 10:05:29,ASK,12.02,43300
784,2016-07-26 10:05:31,TRADE,12.01,3000
785,2016-07-26 10:05:31,BID,12.01,26200
786,2016-07-26 10:05:32,TRADE,12.02,3000
787,2016-07-26 10:05:32,ASK,12.02,40300
788,2016-07-26 10:05:32,TRADE,12.01,100
789,2016-07-26 10:05:32,BID,12.01,26100
790,2016-07-26 10:05:33,TRADE,12.01,1700
791,2016-07-26 10:05:33,TRADE,12.01,1500
792,2016-07-26 10:05:33,TRADE,12.01,800
793,2016-07-26 10:05:33,TRADE,12.01,5000
794,2016-07-26 10:05:33,TRADE,12.01,2000
795,2016-07-26 10:05:33,TRADE,12.01,1000
796,2016-07-26 10:05:33,TRADE,12.01,4000
797,2016-07-26 10:05:33,TRADE,12.01,100
798,2016-07-26 10:05:33,TRADE,12.01,3900
799,2016-07-26 10:05:33,BID,12.01,6100
800,2016-07-26 10:05:33,ASK,12.02,50300
801,2016-07-26 10:05:33,BID,12.01,6400
802,2016-07-26 10:05:34,TRADE,12.01,1200
803,2016-07-26 10:05:34,BID,12.01,5200
804,2016-07-26 10:05:34,TRADE,12.01,4900
805,2016-07-26 10:05:34,TRADE,12.01,300
806,2016-07-26 10:05:34,BID,12.0,20400
807,2016-07-26 10:05:34,BID,12.0,20300
808,2016-07-26 10:05:34,ASK,12.01,2000
809,2016-07-26 10:05:34,ASK,12.01,2400
810,2016-07-26 10:05:35,TRADE,12.01,2000
811,2016-07-26 10:05:35,TRADE,12.01,400
812,2016-07-26 10:05:35,BID,12.01,17600
813,2016-07-26 10:05:35,ASK,12.02,50300
814,2016-07-26 10:05:35,BID,12.01,17900
815,2016-07-26 10:05:35,ASK,12.02,40300
816,2016-07-26 10:05:35,BID,12.01,22900
820,2016-07-26 10:05:36,BID,12.01,23100
821,2016-07-26 10:05:36,TRADE,12.01,700
822,2016-07-26 10:05:36,BID,12.01,22400
823,2016-07-26 10:05:38,TRADE,12.01,7000
824,2016-07-26 10:05:38,BID,12.01,15400
825,2016-07-26 10:05:39,BID,12.01,35500
826,2016-07-26 10:05:40,TRADE,12.02,1500
827,2016-07-26 10:05:40,TRADE,12.02,500
828,2016-07-26 10:05:40,ASK,12.02,38300
829,2016-07-26 10:05:40,TRADE,12.01,9900
830,2016-07-26 10:05:40,TRADE,12.01,300
831,2016-07-26 10:05:40,TRADE,12.01,4800
832,2016-07-26 10:05:40,BID,12.01,20500
833,2016-07-26 10:05:40,ASK,12.02,43300
834,2016-07-26 10:05:40,BID,12.01,20300
835,2016-07-26 10:05:41,TRADE,12.01,100
836,2016-07-26 10:05:41,BID,12.01,20200
837,2016-07-26 10:05:42,TRADE,12.02,5000
838,2016-07-26 10:05:42,ASK,12.02,38300
839,2016-07-26 10:05:43,ASK,12.02,43300
841,2016-07-26 10:05:48,TRADE,12.01,100
842,2016-07-26 10:05:48,TRADE,12.01,900
843,2016-07-26 10:05:48,BID,12.01,19200
844,2016-07-26 10:05:50,TRADE,12.02,200
845,2016-07-26 10:05:50,ASK,12.02,43100
846,2016-07-26 10:05:50,ASK,12.02,43200
847,2016-07-26 10:05:50,ASK,12.02,48200
848,2016-07-26 10:05:50,TRADE,12.01,600
849,2016-07-26 10:05:50,BID,12.01,18600
850,2016-07-26 10:05:50,TRADE,12.01,600
851,2016-07-26 10:05:50,BID,12.01,18000
852,2016-07-26 10:05:51,TRADE,12.01,600
853,2016-07-26 10:05:51,BID,12.01,17400
854,2016-07-26 10:05:51,TRADE,12.01,3300
855,2016-07-26 10:05:51,BID,12.01,14100
856,2016-07-26 10:05:51,TRADE,12.01,600
857,2016-07-26 10:05:51,BID,12.01,13500
858,2016-07-26 10:05:51,BID,12.01,13800
859,2016-07-26 10:05:51,TRADE,12.01,600
860,2016-07-26 10:05:51,BID,12.01,13200
861,2016-07-26 10:05:51,BID,12.01,14200
862,2016-07-26 10:05:52,TRADE,12.01,600
863,2016-07-26 10:05:52,BID,12.01,13600
864,2016-07-26 10:05:52,TRADE,12.01,600
865,2016-07-26 10:05:52,BID,12.01,13000
866,2016-07-26 10:05:52,TRADE,12.01,100
867,2016-07-26 10:05:52,BID,12.01,12900
868,2016-07-26 10:05:52,TRADE,12.01,600
869,2016-07-26 10:05:52,BID,12.01,12300
870,2016-07-26 10:05:52,TRADE,12.01,600
871,2016-07-26 10:05:52,BID,12.01,11700
872,2016-07-26 10:05:53,TRADE,12.01,600
873,2016-07-26 10:05:53,BID,12.01,11100
874,2016-07-26 10:05:53,TRADE,12.01,600
875,2016-07-26 10:05:53,BID,12.01,10500
876,2016-07-26 10:05:53,TRADE,12.01,600
877,2016-07-26 10:05:53,BID,12.01,9900
878,2016-07-26 10:05:54,TRADE,12.01,600
879,2016-07-26 10:05:54,BID,12.01,9300
880,2016-07-26 10:05:54,TRADE,12.01,600
881,2016-07-26 10:05:54,BID,12.01,8700
882,2016-07-26 10:05:54,TRADE,12.01,600
883,2016-07-26 10:05:54,BID,12.01,8100
884,2016-07-26 10:05:55,TRADE,12.01,600
885,2016-07-26 10:05:55,BID,12.01,7500
886,2016-07-26 10:05:55,TRADE,12.01,600
887,2016-07-26 10:05:55,BID,12.01,6900
888,2016-07-26 10:05:55,TRADE,12.01,600
889,2016-07-26 10:05:55,BID,12.01,6300
890,2016-07-26 10:05:55,TRADE,12.01,5000
891,2016-07-26 10:05:55,BID,12.01,1300
892,2016-07-26 10:05:55,ASK,12.02,43200
893,2016-07-26 10:05:55,TRADE,12.01,300
894,2016-07-26 10:05:55,TRADE,12.01,1000
895,2016-07-26 10:05:55,BID,12.0,21300
896,2016-07-26 10:05:55,BID,12.01,300
897,2016-07-26 10:05:55,ASK,12.02,53200
898,2016-07-26 10:05:55,TRADE,12.02,2000
899,2016-07-26 10:05:55,ASK,12.02,51200
900,2016-07-26 10:05:55,TRADE,12.01,300
901,2016-07-26 10:05:55,BID,12.0,21300
902,2016-07-26 10:05:55,TRADE,12.0,300
902,2016-07-26 10:05:55,BID,12.0,21000
903,2016-07-26 10:05:55,BID,12.01,300
904,2016-07-26 10:05:55,ASK,12.02,41200
905,2016-07-26 10:05:55,TRADE,12.01,300
906,2016-07-26 10:05:55,BID,12.0,21000
907,2016-07-26 10:05:55,ASK,12.01,4700
908,2016-07-26 10:05:55,TRADE,12.01,300
909,2016-07-26 10:05:55,ASK,12.01,4400
910,2016-07-26 10:05:55,TRADE,12.01,4400
911,2016-07-26 10:05:55,ASK,12.02,41200
912,2016-07-26 10:05:55,BID,12.01,300
913,2016-07-26 10:05:56,TRADE,12.01,300
914,2016-07-26 10:05:56,BID,12.0,21000
915,2016-07-26 10:05:56,TRADE,12.0,300
915,2016-07-26 10:05:56,BID,12.0,20700
916,2016-07-26 10:05:56,BID,12.01,300
917,2016-07-26 10:05:56,TRADE,12.01,300
918,2016-07-26 10:05:56,BID,12.0,20700
919,2016-07-26 10:05:56,TRADE,12.0,300
919,2016-07-26 10:05:56,BID,12.0,20400
920,2016-07-26 10:05:56,BID,12.01,300
921,2016-07-26 10:05:56,TRADE,12.01,300
922,2016-07-26 10:05:56,BID,12.0,20400
923,2016-07-26 10:05:56,TRADE,12.0,300
923,2016-07-26 10:05:56,BID,12.0,20100
924,2016-07-26 10:05:56,BID,12.01,300
925,2016-07-26 10:05:56,BID,12.01,800
926,2016-07-26 10:05:57,ASK,12.02,51200
927,2016-07-26 10:05:57,TRADE,12.01,300
928,2016-07-26 10:05:57,TRADE,12.01,300
929,2016-07-26 10:05:57,BID,12.01,200
930,2016-07-26 10:05:57,BID,12.01,500
931,2016-07-26 10:05:57,TRADE,12.01,200
932,2016-07-26 10:05:57,TRADE,12.01,300
933,2016-07-26 10:05:57,BID,12.0,20100
934,2016-07-26 10:05:57,BID,12.01,300
935,2016-07-26 10:05:57,TRADE,12.01,300
936,2016-07-26 10:05:57,BID,12.0,20100
937,2016-07-26 10:05:57,TRADE,12.0,300
937,2016-07-26 10:05:57,BID,12.0,19800
938,2016-07-26 10:05:57,ASK,12.01,5000
939,2016-07-26 10:05:57,ASK,12.01,5300
942,2016-07-26 10:05:57,TRADE,12.0,600
943,2016-07-26 10:05:57,BID,12.0,19200
944,2016-07-26 10:05:57,TRADE,12.0,1500
945,2016-07-26 10:05:57,BID,12.0,17700
948,2016-07-26 10:05:58,TRADE,12.0,600
949,2016-07-26 10:05:58,BID,12.0,17100
950,2016-07-26 10:05:58,TRADE,12.0,600
951,2016-07-26 10:05:58,BID,12.0,16500
952,2016-07-26 10:05:58,TRADE,12.0,200
953,2016-07-26 10:05:58,TRADE,12.0,400
954,2016-07-26 10:05:58,BID,12.0,15900
955,2016-07-26 10:05:58,BID,12.0,20900
956,2016-07-26 10:05:58,TRADE,12.0,600
957,2016-07-26 10:05:58,BID,12.0,20300
958,2016-07-26 10:05:59,TRADE,12.0,600
959,2016-07-26 10:05:59,BID,12.0,19700
960,2016-07-26 10:05:59,TRADE,12.0,400
961,2016-07-26 10:05:59,TRADE,12.0,100
962,2016-07-26 10:05:59,TRADE,12.0,100
963,2016-07-26 10:05:59,BID,12.0,19100
964,2016-07-26 10:05:59,TRADE,12.0,500
965,2016-07-26 10:05:59,TRADE,12.0,100
966,2016-07-26 10:05:59,BID,12.0,18500
967,2016-07-26 10:06:00,BID,12.0,19300
968,2016-07-26 10:06:00,ASK,12.01,5000
969,2016-07-26 10:06:00,TRADE,12.0,500
970,2016-07-26 10:06:00,TRADE,12.0,100
971,2016-07-26 10:06:00,BID,12.0,18700
972,2016-07-26 10:06:00,TRADE,12.0,600
973,2016-07-26 10:06:00,TRADE,12.0,300
974,2016-07-26 10:06:00,TRADE,12.0,3000
975,2016-07-26 10:06:00,TRADE,12.0,1000
976,2016-07-26 10:06:00,TRADE,12.0,100
977,2016-07-26 10:06:00,BID,12.0,13700
978,2016-07-26 10:06:00,ASK,12.01,5300
979,2016-07-26 10:06:00,TRADE,12.0,600
980,2016-07-26 10:06:00,BID,12.0,13100
981,2016-07-26 10:06:00,TRADE,12.0,100
982,2016-07-26 10:06:00,TRADE,12.0,500
983,2016-07-26 10:06:00,BID,12.0,12500
984,2016-07-26 10:06:01,TRADE,12.0,600
985,2016-07-26 10:06:01,BID,12.0,11900
986,2016-07-26 10:06:01,TRADE,12.0,300
987,2016-07-26 10:06:01,BID,12.0,11600
988,2016-07-26 10:06:01,ASK,12.01,5000
989,2016-07-26 10:06:02,TRADE,12.0,500
990,2016-07-26 10:06:02,BID,12.0,11100
991,2016-07-26 10:06:02,BID,12.0,11400
992,2016-07-26 10:06:02,BID,12.0,11800
993,2016-07-26 10:06:05,TRADE,12.01,400
994,2016-07-26 10:06:05,ASK,12.01,4600
995,2016-07-26 10:06:05,TRADE,12.01,4600
996,2016-07-26 10:06:05,ASK,12.02,46300
997,2016-07-26 10:06:05,ASK,12.01,5000
998,2016-07-26 10:06:08,BID,12.0,16800
999,2016-07-26 10:06:09,TRADE,12.0,100
1000,2016-07-26 10:06:09,TRADE,12.0,100
1001,2016-07-26 10:06:09,TRADE,12.0,3200
1002,2016-07-26 10:06:09,BID,12.0,13400
1003,2016-07-26 10:06:09,ASK,12.01,5300
1004,2016-07-26 10:06:09,ASK,12.01,5400
1005,2016-07-26 10:06:11,TRADE,12.01,100
1006,2016-07-26 10:06:11,ASK,12.01,5300
1007,2016-07-26 10:06:12,BID,12.0,20900
1008,2016-07-26 10:06:12,TRADE,12.0,100
1009,2016-07-26 10:06:12,BID,12.0,20800
1010,2016-07-26 10:06:12,ASK,12.01,5000
1011,2016-07-26 10:06:13,BID,12.0,21300
1012,2016-07-26 10:06:14,ASK,12.01,5700
1013,2016-07-26 10:06:16,BID,12.0,25800
1014,2016-07-26 10:06:16,TRADE,12.01,100
1015,2016-07-26 10:06:16,ASK,12.01,5600
1016,2016-07-26 10:06:17,TRADE,12.0,800
1017,2016-07-26 10:06:17,TRADE,12.0,1000
1018,2016-07-26 10:06:17,TRADE,12.0,5000
1019,2016-07-26 10:06:17,TRADE,12.0,800
1020,2016-07-26 10:06:17,TRADE,12.0,300
1021,2016-07-26 10:06:17,TRADE,12.0,400
1022,2016-07-26 10:06:17,TRADE,12.0,1700
1023,2016-07-26 10:06:17,BID,12.0,15800
1024,2016-07-26 10:06:17,ASK,12.01,5900
1025,2016-07-26 10:06:17,ASK,12.01,6300
1026,2016-07-26 10:06:17,ASK,12.01,6600
1027,2016-07-26 10:06:17,BID,12.0,20800
1028,2016-07-26 10:06:18,ASK,12.01,6300
1029,2016-07-26 10:06:18,ASK,12.01,5900
1030,2016-07-26 10:06:18,ASK,12.01,5600
1031,2016-07-26 10:06:19,ASK,12.01,10600
1032,2016-07-26 10:06:21,TRADE,12.01,100
1033,2016-07-26 10:06:21,ASK,12.01,10500
1034,2016-07-26 10:06:21,TRADE,12.01,3000
1035,2016-07-26 10:06:21,ASK,12.01,7500
1037,2016-07-26 10:06:23,TRADE,12.01,900
1038,2016-07-26 10:06:23,ASK,12.01,6600
1039,2016-07-26 10:06:23,TRADE,12.0,2000
1040,2016-07-26 10:06:23,BID,12.0,18800
1041,2016-07-26 10:06:23,ASK,12.01,6900
1042,2016-07-26 10:06:24,TRADE,12.0,1300
1043,2016-07-26 10:06:24,TRADE,12.0,7500
1044,2016-07-26 10:06:24,TRADE,12.0,500
1045,2016-07-26 10:06:24,TRADE,12.0,4500
1046,2016-07-26 10:06:24,TRADE,12.0,5000
1047,2016-07-26 10:06:24,BID,11.99,68200
1048,2016-07-26 10:06:24,ASK,12.0,27700
1049,2016-07-26 10:06:24,ASK,12.0,32700
1050,2016-07-26 10:06:24,BID,11.99,68100
1051,2016-07-26 10:06:24,BID,11.99,67800
1052,2016-07-26 10:06:24,BID,11.99,57800
1053,2016-07-26 10:06:24,BID,11.99,57500
1057,2016-07-26 10:06:24,TRADE,12.0,6200
1058,2016-07-26 10:06:24,ASK,12.0,26500
1061,2016-07-26 10:06:25,TRADE,11.99,100
1062,2016-07-26 10:06:25,BID,11.99,57400
1063,2016-07-26 10:06:27,ASK,12.0,26600
1064,2016-07-26 10:06:27,ASK,12.0,47900
1065,2016-07-26 10:06:27,ASK,12.0,48000
1066,2016-07-26 10:06:28,TRADE,11.99,300
1067,2016-07-26 10:06:28,TRADE,11.99,1200
1068,2016-07-26 10:06:28,BID,11.99,55900
1069,2016-07-26 10:06:28,TRADE,11.99,3800
1070,2016-07-26 10:06:28,TRADE,11.99,1000
1071,2016-07-26 10:06:28,TRADE,11.99,40000
1072,2016-07-26 10:06:28,TRADE,11.99,1100
1073,2016-07-26 10:06:28,TRADE,11.99,2000
1074,2016-07-26 10:06:28,TRADE,11.99,8000
1075,2016-07-26 10:06:28,BID,11.99,7000
1076,2016-07-26 10:06:28,TRADE,11.99,1500
1077,2016-07-26 10:06:28,BID,11.99,5500
1078,2016-07-26 10:06:28,TRADE,11.99,5500
1079,2016-07-26 10:06:28,BID,11.98,40000
1080,2016-07-26 10:06:28,ASK,11.99,400
1081,2016-07-26 10:06:28,ASK,11.99,700
1082,2016-07-26 10:06:28,ASK,11.99,800
1083,2016-07-26 10:06:28,BID,11.98,30000
1084,2016-07-26 10:06:28,ASK,11.99,5800
1085,2016-07-26 10:06:28,BID,11.98,31000
1086,2016-07-26 10:06:28,BID,11.98,30000
1087,2016-07-26 10:06:28,BID,11.98,27000
1088,2016-07-26 10:06:31,TRADE,11.99,400
1089,2016-07-26 10:06:31,TRADE,11.99,300
1090,2016-07-26 10:06:31,TRADE,11.99,100
1091,2016-07-26 10:06:31,TRADE,11.99,5000
1092,2016-07-26 10:06:31,ASK,12.0,58100
1093,2016-07-26 10:06:31,TRADE,12.0,4200
1093,2016-07-26 10:06:31,ASK,12.0,53900
1094,2016-07-26 10:06:31,ASK,11.99,300
1095,2016-07-26 10:06:31,ASK,11.99,700
1096,2016-07-26 10:06:31,ASK,11.99,5700
1097,2016-07-26 10:06:31,BID,11.98,32000
1098,2016-07-26 10:06:31,ASK,11.99,5300
1099,2016-07-26 10:06:31,ASK,11.99,5700
1100,2016-07-26 10:06:31,BID,11.98,42000
1101,2016-07-26 10:06:32,TRADE,11.99,100
1102,2016-07-26 10:06:32,ASK,11.99,5600
1103,2016-07-26 10:06:32,ASK,11.99,5700
1104,2016-07-26 10:06:32,ASK,11.99,15700
1105,2016-07-26 10:06:32,BID,11.98,32000
1106,2016-07-26 10:06:32,BID,11.98,27000
1107,2016-07-26 10:06:35,TRADE,11.99,200
1108,2016-07-26 10:06:35,ASK,11.99,15500
1109,2016-07-26 10:06:35,TRADE,11.99,1000
1110,2016-07-26 10:06:35,ASK,11.99,14500
1111,2016-07-26 10:06:36,BID,11.98,32000
1112,2016-07-26 10:06:36,TRADE,11.99,4000
1113,2016-07-26 10:06:36,TRADE,11.99,400
1114,2016-07-26 10:06:36,TRADE,11.99,100
1115,2016-07-26 10:06:36,TRADE,11.99,5500
1116,2016-07-26 10:06:36,ASK,11.99,4500
1117,2016-07-26 10:06:36,TRADE,11.99,4500
1118,2016-07-26 10:06:36,ASK,12.0,25000
1119,2016-07-26 10:06:36,ASK,12.0,24900
1120,2016-07-26 10:06:36,BID,11.98,42000
1121,2016-07-26 10:06:37,TRADE,11.98,800
1122,2016-07-26 10:06:37,TRADE,11.98,8000
1123,2016-07-26 10:06:37,TRADE,11.98,1200
1124,2016-07-26 10:06:37,BID,11.98,32000
1125,2016-07-26 10:06:37,BID,11.98,22000
1126,2016-07-26 10:06:37,ASK,11.99,400
1127,2016-07-26 10:06:37,ASK,11.99,5400
1128,2016-07-26 10:06:37,ASK,11.99,5700
1129,2016-07-26 10:06:37,ASK,11.99,6000
1130,2016-07-26 10:06:40,BID,11.98,13800
1131,2016-07-26 10:06:40,ASK,11.99,31000
1132,2016-07-26 10:06:40,BID,11.98,8800
1133,2016-07-26 10:06:45,ASK,11.99,41000
1134,2016-07-26 10:06:45,TRADE,11.98,8800
1135,2016-07-26 10:06:45,BID,11.97,27500
1136,2016-07-26 10:06:45,ASK,11.98,11200
1137,2016-07-26 10:06:45,BID,11.97,17500
1138,2016-07-26 10:06:45,ASK,11.98,16200
1139,2016-07-26 10:06:45,ASK,11.98,16500
1140,2016-07-26 10:06:45,ASK,11.98,16900
1141,2016-07-26 10:06:45,BID,11.97,17400
1142,2016-07-26 10:06:45,TRADE,11.98,4100
1143,2016-07-26 10:06:45,ASK,11.98,12800
1148,2016-07-26 10:06:46,ASK,11.98,14800
1149,2016-07-26 10:06:47,BID,11.97,17900
1150,2016-07-26 10:06:49,TRADE,11.97,100
1151,2016-07-26 10:06:49,BID,11.97,17800
1152,2016-07-26 10:06:49,TRADE,11.97,300
1153,2016-07-26 10:06:49,TRADE,11.97,700
1154,2016-07-26 10:06:49,BID,11.97,16800
1155,2016-07-26 10:06:50,TRADE,11.97,200
1156,2016-07-26 10:06:50,BID,11.97,16600
1157,2016-07-26 10:06:51,BID,11.97,15600
1158,2016-07-26 10:06:52,BID,11.97,13600
1159,2016-07-26 10:06:53,TRADE,11.97,1100
1160,2016-07-26 10:06:53,TRADE,11.97,5000
1161,2016-07-26 10:06:53,TRADE,11.97,1000
1162,2016-07-26 10:06:53,TRADE,11.97,1000
1163,2016-07-26 10:06:53,TRADE,11.97,1000
1164,2016-07-26 10:06:53,TRADE,11.97,900
1165,2016-07-26 10:06:53,BID,11.97,3600
1166,2016-07-26 10:06:53,BID,11.97,3500
1167,2016-07-26 10:06:53,ASK,11.98,24800
1168,2016-07-26 10:06:54,TRADE,11.97,1100
1169,2016-07-26 10:06:54,TRADE,11.97,100
1170,2016-07-26 10:06:54,TRADE,11.97,1000
1171,2016-07-26 10:06:54,TRADE,11.97,600
1172,2016-07-26 10:06:54,TRADE,11.97,200
1173,2016-07-26 10:06:54,TRADE,11.97,500
1174,2016-07-26 10:06:54,BID,11.96,16500
1175,2016-07-26 10:06:54,ASK,11.97,13800
1176,2016-07-26 10:06:54,BID,11.96,6500
1177,2016-07-26 10:06:54,BID,11.96,6400
1178,2016-07-26 10:06:54,ASK,11.97,16100
1179,2016-07-26 10:06:54,BID,11.96,6800
1180,2016-07-26 10:06:54,BID,11.96,7100
1182,2016-07-26 10:06:55,BID,11.96,6800
1183,2016-07-26 10:06:58,TRADE,11.96,1200
1184,2016-07-26 10:06:58,BID,11.96,5600
1185,2016-07-26 10:06:59,BID,11.96,5000
1186,2016-07-26 10:06:59,BID,11.96,4900
1187,2016-07-26 10:06:59,BID,11.96,4500
1188,2016-07-26 10:06:59,TRADE,11.96,800
1189,2016-07-26 10:06:59,TRADE,11.96,2000
1190,2016-07-26 10:06:59,TRADE,11.96,1000
1191,2016-07-26 10:06:59,TRADE,11.96,700
1192,2016-07-26 10:06:59,BID,11.95,71900
1193,2016-07-26 10:06:59,ASK,11.96,800
1194,2016-07-26 10:06:59,ASK,11.96,5800
1195,2016-07-26 10:06:59,BID,11.95,61900
1196,2016-07-26 10:06:59,BID,11.95,61800
1197,2016-07-26 10:06:59,ASK,11.96,6100
1199,2016-07-26 10:07:00,ASK,11.96,5800
1200,2016-07-26 10:07:00,TRADE,11.96,400
1201,2016-07-26 10:07:00,ASK,11.96,5400
1202,2016-07-26 10:07:00,TRADE,11.96,400
1203,2016-07-26 10:07:00,TRADE,11.96,5000
1204,2016-07-26 10:07:00,ASK,11.97,26300
1205,2016-07-26 10:07:00,BID,11.96,400
1206,2016-07-26 10:07:00,ASK,11.97,26200
1207,2016-07-26 10:07:00,ASK,11.97,16200
1208,2016-07-26 10:07:00,BID,11.96,5400
1209,2016-07-26 10:07:00,BID,11.96,5700
1211,2016-07-26 10:07:01,TRADE,11.96,400
1212,2016-07-26 10:07:01,TRADE,11.96,5000
1213,2016-07-26 10:07:01,TRADE,11.96,300
1214,2016-07-26 10:07:01,BID,11.95,71900
1215,2016-07-26 10:07:01,TRADE,11.95,5000
1216,2016-07-26 10:07:01,TRADE,11.95,1000
1217,2016-07-26 10:07:01,TRADE,11.95,1000
1218,2016-07-26 10:07:01,TRADE,11.95,500
1219,2016-07-26 10:07:01,TRADE,11.95,100
1220,2016-07-26 10:07:01,TRADE,11.95,100
1221,2016-07-26 10:07:01,TRADE,11.95,200
1222,2016-07-26 10:07:01,TRADE,11.95,100
1223,2016-07-26 10:07:01,TRADE,11.95,800
1224,2016-07-26 10:07:01,TRADE,11.95,200
1225,2016-07-26 10:07:01,TRADE,11.95,10300
1226,2016-07-26 10:07:01,TRADE,11.95,20000
1227,2016-07-26 10:07:01,TRADE,11.95,100
1228,2016-07-26 10:07:01,TRADE,11.95,6100
1229,2016-07-26 10:07:01,TRADE,11.95,1000
1230,2016-07-26 10:07:01,TRADE,11.95,100
1231,2016-07-26 10:07:01,TRADE,11.95,4100
1232,2016-07-26 10:07:01,TRADE,11.95,5400
1232,2016-07-26 10:07:01,BID,11.95,15800
1233,2016-07-26 10:07:01,TRADE,11.95,4600
1234,2016-07-26 10:07:01,TRADE,11.95,400
1235,2016-07-26 10:07:01,BID,11.95,20800
1236,2016-07-26 10:07:01,BID,11.96,300
1237,2016-07-26 10:07:01,BID,11.96,5300
1238,2016-07-26 10:07:01,BID,11.96,5000
1239,2016-07-26 10:07:01,TRADE,11.96,400
1240,2016-07-26 10:07:01,BID,11.96,4600
1241,2016-07-26 10:07:01,TRADE,11.96,300
1242,2016-07-26 10:07:01,BID,11.96,4300
1243,2016-07-26 10:07:01,TRADE,11.96,300
1244,2016-07-26 10:07:01,BID,11.96,4000
1245,2016-07-26 10:07:01,TRADE,11.96,4000
1246,2016-07-26 10:07:01,BID,11.95,10700
1247,2016-07-26 10:07:01,ASK,11.96,400
1248,2016-07-26 10:07:01,BID,11.95,11100
1249,2016-07-26 10:07:01,BID,11.95,11400
1250,2016-07-26 10:07:01,ASK,11.96,700
1251,2016-07-26 10:07:01,ASK,11.96,5700
1252,2016-07-26 10:07:01,BID,11.95,12000
1253,2016-07-26 10:07:01,BID,11.95,11700
1254,2016-07-26 10:07:01,BID,11.95,11300
1255,2016-07-26 10:07:01,ASK,11.96,6000
1256,2016-07-26 10:07:01,ASK,11.96,16000
1257,2016-07-26 10:07:01,BID,11.95,10700
1259,2016-07-26 10:07:01,BID,11.95,11100
1260,2016-07-26 10:07:01,TRADE,11.95,600
1261,2016-07-26 10:07:01,TRADE,11.95,100
1262,2016-07-26 10:07:01,TRADE,11.95,2300
1263,2016-07-26 10:07:01,BID,11.95,8100
1264,2016-07-26 10:07:01,BID,11.95,7700
1265,2016-07-26 10:07:04,BID,11.95,12700
1266,2016-07-26 10:07:04,TRADE,11.95,7700
1267,2016-07-26 10:07:04,TRADE,11.95,4900
1268,2016-07-26 10:07:04,BID,11.95,10100
1269,2016-07-26 10:07:04,TRADE,11.95,100
1270,2016-07-26 10:07:04,TRADE,11.95,900
1271,2016-07-26 10:07:04,BID,11.95,9100
1272,2016-07-26 10:07:05,TRADE,11.95,9100
1273,2016-07-26 10:07:05,BID,11.95,10000
1274,2016-07-26 10:07:05,BID,11.95,10400
1275,2016-07-26 10:07:05,BID,11.95,11000
1276,2016-07-26 10:07:06,BID,11.95,11300
1277,2016-07-26 10:07:06,ASK,11.96,15700
1278,2016-07-26 10:07:06,TRADE,11.95,10000
1279,2016-07-26 10:07:06,TRADE,11.95,400
1280,2016-07-26 10:07:06,TRADE,11.95,600
1281,2016-07-26 10:07:06,TRADE,11.95,200
1282,2016-07-26 10:07:06,BID,11.95,10100
1283,2016-07-26 10:07:06,BID,11.95,15100
1284,2016-07-26 10:07:07,TRADE,11.95,100
1285,2016-07-26 10:07:07,TRADE,11.95,4300
1286,2016-07-26 10:07:07,BID,11.95,10700
1287,2016-07-26 10:07:08,TRADE,11.96,400
1288,2016-07-26 10:07:08,TRADE,11.96,300
1289,2016-07-26 10:07:08,TRADE,11.96,5000
1290,2016-07-26 10:07:08,TRADE,11.96,1300
1291,2016-07-26 10:07:08,ASK,11.96,8700
1292,2016-07-26 10:07:08,BID,11.95,11100
1293,2016-07-26 10:07:08,ASK,11.97,28200
1294,2016-07-26 10:07:08,BID,11.95,11400
1295,2016-07-26 10:07:08,ASK,11.96,5000
1296,2016-07-26 10:07:08,ASK,11.96,5400
1297,2016-07-26 10:07:08,ASK,11.96,5000
1298,2016-07-26 10:07:08,ASK,11.97,18100
1299,2016-07-26 10:07:09,TRADE,11.95,5700
1300,2016-07-26 10:07:09,TRADE,11.95,5000
1301,2016-07-26 10:07:09,TRADE,11.95,400
1302,2016-07-26 10:07:09,TRADE,11.95,300
1303,2016-07-26 10:07:09,BID,11.94,31900
1304,2016-07-26 10:07:09,BID,11.95,400
1305,2016-07-26 10:07:09,ASK,11.96,400
1306,2016-07-26 10:07:09,BID,11.95,700
1307,2016-07-26 10:07:09,BID,11.95,5700
1308,2016-07-26 10:07:09,ASK,11.96,5400
1309,2016-07-26 10:07:09,ASK,11.96,5700
1310,2016-07-26 10:07:09,ASK,11.96,5300
1311,2016-07-26 10:07:09,ASK,11.96,5700
1312,2016-07-26 10:07:09,ASK,11.96,7600
1313,2016-07-26 10:07:09,ASK,11.96,5700
1314,2016-07-26 10:07:09,TRADE,11.95,100
1315,2016-07-26 10:07:09,BID,11.95,5600
1316,2016-07-26 10:07:09,ASK,11.96,15700
1317,2016-07-26 10:07:09,BID,11.95,5300
1318,2016-07-26 10:07:09,BID,11.95,300
1319,2016-07-26 10:07:09,BID,11.94,24800
1320,2016-07-26 10:07:09,ASK,11.95,500
1321,2016-07-26 10:07:09,TRADE,11.95,500
1322,2016-07-26 10:07:09,ASK,11.96,15700
1323,2016-07-26 10:07:09,ASK,11.96,16200
1324,2016-07-26 10:07:09,ASK,11.95,50000
1325,2016-07-26 10:07:09,ASK,11.95,55000
1326,2016-07-26 10:07:10,TRADE,11.94,1000
1327,2016-07-26 10:07:10,BID,11.94,23800
1328,2016-07-26 10:07:10,TRADE,11.94,1000
1329,2016-07-26 10:07:10,BID,11.94,22800
1336,2016-07-26 10:07:13,TRADE,11.95,4800
1337,2016-07-26 10:07:13,ASK,11.95,50200
1338,2016-07-26 10:07:13,BID,11.94,20800
1339,2016-07-26 10:07:13,TRADE,11.95,5000
1340,2016-07-26 10:07:13,ASK,11.95,45200
1341,2016-07-26 10:07:13,TRADE,11.94,3000
1342,2016-07-26 10:07:13,TRADE,11.94,5000
1343,2016-07-26 10:07:13,TRADE,11.94,6400
1344,2016-07-26 10:07:13,TRADE,11.94,500
1345,2016-07-26 10:07:13,TRADE,11.94,2900
1346,2016-07-26 10:07:13,TRADE,11.94,2200
1347,2016-07-26 10:07:13,BID,11.94,800
1348,2016-07-26 10:07:13,ASK,11.95,55200
1349,2016-07-26 10:07:13,TRADE,11.95,3500
1350,2016-07-26 10:07:13,ASK,11.95,51700
1351,2016-07-26 10:07:14,TRADE,11.95,700
1352,2016-07-26 10:07:14,ASK,11.95,51000
1353,2016-07-26 10:07:14,BID,11.94,1200
1354,2016-07-26 10:07:14,TRADE,11.94,800
1355,2016-07-26 10:07:14,TRADE,11.94,400
1356,2016-07-26 10:07:14,BID,11.93,60700
1357,2016-07-26 10:07:14,ASK,11.94,100
1358,2016-07-26 10:07:14,TRADE,11.94,100
1359,2016-07-26 10:07:14,ASK,11.95,51000
1362,2016-07-26 10:07:15,ASK,11.94,2000
1363,2016-07-26 10:07:15,TRADE,11.94,2000
1364,2016-07-26 10:07:15,ASK,11.95,51000
1365,2016-07-26 10:07:15,BID,11.94,400
1366,2016-07-26 10:07:15,TRADE,11.94,400
1367,2016-07-26 10:07:15,BID,11.93,60700
1368,2016-07-26 10:07:15,TRADE,11.93,1000
1369,2016-07-26 10:07:15,BID,11.93,59700
1370,2016-07-26 10:07:15,ASK,11.94,100
1371,2016-07-26 10:07:15,ASK,11.94,5100
1372,2016-07-26 10:07:15,TRADE,11.94,100
1373,2016-07-26 10:07:15,ASK,11.94,5000
1374,2016-07-26 10:07:15,BID,11.93,49700
1375,2016-07-26 10:07:15,TRADE,11.94,5000
1376,2016-07-26 10:07:15,ASK,11.95,51000
1377,2016-07-26 10:07:15,ASK,11.95,41000
1378,2016-07-26 10:07:16,ASK,11.94,13800
1379,2016-07-26 10:07:16,TRADE,11.94,400
1380,2016-07-26 10:07:16,ASK,11.94,13400
1381,2016-07-26 10:07:16,TRADE,11.94,13400
1382,2016-07-26 10:07:16,ASK,11.95,41100
1383,2016-07-26 10:07:16,BID,11.94,400
1384,2016-07-26 10:07:16,ASK,11.95,41000
1385,2016-07-26 10:07:16,BID,11.94,5400
1386,2016-07-26 10:07:16,TRADE,11.94,400
1387,2016-07-26 10:07:16,TRADE,11.94,5000
1388,2016-07-26 10:07:16,BID,11.93,49700
1389,2016-07-26 10:07:16,BID,11.94,400
1390,2016-07-26 10:07:16,BID,11.94,5400
1391,2016-07-26 10:07:16,TRADE,11.94,400
1392,2016-07-26 10:07:16,TRADE,11.94,5000
1393,2016-07-26 10:07:16,BID,11.93,49700
1394,2016-07-26 10:07:16,TRADE,11.93,500
1395,2016-07-26 10:07:16,BID,11.93,49200
1396,2016-07-26 10:07:16,ASK,11.94,100
1397,2016-07-26 10:07:16,TRADE,11.94,100
1398,2016-07-26 10:07:16,ASK,11.95,41000
1399,2016-07-26 10:07:16,BID,11.94,400
1400,2016-07-26 10:07:16,TRADE,11.94,400
1401,2016-07-26 10:07:16,BID,11.93,49200
1402,2016-07-26 10:07:16,BID,11.94,400
1403,2016-07-26 10:07:16,TRADE,11.94,400
1404,2016-07-26 10:07:16,BID,11.93,49200
1405,2016-07-26 10:07:16,BID,11.94,400
1407,2016-07-26 10:07:16,ASK,11.95,51000
1408,2016-07-26 10:07:16,BID,11.93,59200
1409,2016-07-26 10:07:17,ASK,11.94,5000
1410,2016-07-26 10:07:17,TRADE,11.94,5000
1411,2016-07-26 10:07:17,ASK,11.95,51000
1412,2016-07-26 10:07:17,ASK,11.95,41000
1413,2016-07-26 10:07:17,TRADE,11.93,100
1414,2016-07-26 10:07:17,BID,11.93,59100
1416,2016-07-26 10:07:17,BID,11.94,400
1417,2016-07-26 10:07:17,TRADE,11.94,400
1418,2016-07-26 10:07:17,BID,11.93,59100
1420,2016-07-26 10:07:17,BID,11.94,300
1421,2016-07-26 10:07:17,TRADE,11.94,300
1422,2016-07-26 10:07:17,BID,11.93,59100
1423,2016-07-26 10:07:17,ASK,11.95,41500
1424,2016-07-26 10:07:17,ASK,11.94,100
1425,2016-07-26 10:07:17,TRADE,11.94,100
1426,2016-07-26 10:07:17,ASK,11.95,41500
1427,2016-07-26 10:07:17,ASK,11.94,5000
1428,2016-07-26 10:07:17,TRADE,11.94,3600
1429,2016-07-26 10:07:17,ASK,11.94,1400
1430,2016-07-26 10:07:17,ASK,11.95,41500
1431,2016-07-26 10:07:17,TRADE,11.95,500
1432,2016-07-26 10:07:17,ASK,11.95,41000
1433,2016-07-26 10:07:18,BID,11.93,49100
1436,2016-07-26 10:07:22,BID,11.94,1000
1437,2016-07-26 10:07:22,TRADE,11.94,1000
1438,2016-07-26 10:07:22,BID,11.93,49100
1439,2016-07-26 10:07:22,ASK,11.94,100
1440,2016-07-26 10:07:22,ASK,11.94,5100
1441,2016-07-26 10:07:22,TRADE,11.93,47200
1442,2016-07-26 10:07:22,TRADE,11.93,1700
1443,2016-07-26 10:07:22,TRADE,11.93,200
1444,2016-07-26 10:07:22,BID,11.92,61900
1445,2016-07-26 10:07:22,ASK,11.94,5000
1446,2016-07-26 10:07:22,BID,11.92,61800
1447,2016-07-26 10:07:22,ASK,11.93,5000
1448,2016-07-26 10:07:22,BID,11.92,51800
1449,2016-07-26 10:07:22,BID,11.92,52800
1450,2016-07-26 10:07:22,TRADE,11.92,100
1451,2016-07-26 10:07:22,BID,11.92,52700
1452,2016-07-26 10:07:22,TRADE,11.92,500
1453,2016-07-26 10:07:22,BID,11.92,52200
1454,2016-07-26 10:07:22,TRADE,11.92,500
1455,2016-07-26 10:07:22,BID,11.92,51700
1456,2016-07-26 10:07:22,TRADE,11.92,1000
1457,2016-07-26 10:07:22,BID,11.92,50700
1458,2016-07-26 10:07:22,TRADE,11.92,200
1459,2016-07-26 10:07:22,BID,11.92,50500
1460,2016-07-26 10:07:23,ASK,11.93,5500
1461,2016-07-26 10:07:23,TRADE,11.92,300
1462,2016-07-26 10:07:23,TRADE,11.92,1000
1463,2016-07-26 10:07:23,TRADE,11.92,1000
1464,2016-07-26 10:07:23,TRADE,11.92,300
1465,2016-07-26 10:07:23,BID,11.92,47900
1466,2016-07-26 10:07:23,BID,11.92,46900
1467,2016-07-26 10:07:23,BID,11.92,42700
1468,2016-07-26 10:07:23,ASK,11.93,5600
1469,2016-07-26 10:07:24,TRADE,11.92,200
1470,2016-07-26 10:07:24,BID,11.92,42500
1471,2016-07-26 10:07:26,BID,11.92,43500
1472,2016-07-26 10:07:26,TRADE,11.93,600
1473,2016-07-26 10:07:26,ASK,11.93,5000
1474,2016-07-26 10:07:26,ASK,11.93,7000
1475,2016-07-26 10:07:27,ASK,11.93,17000
1476,2016-07-26 10:07:28,TRADE,11.93,4400
1477,2016-07-26 10:07:28,TRADE,11.93,500
1478,2016-07-26 10:07:28,TRADE,11.93,100
1479,2016-07-26 10:07:28,TRADE,11.93,900
1480,2016-07-26 10:07:28,ASK,11.93,11100
1481,2016-07-26 10:07:28,ASK,11.93,16100
1482,2016-07-26 10:07:28,TRADE,11.93,1100
1483,2016-07-26 10:07:28,TRADE,11.93,10000
1484,2016-07-26 10:07:28,TRADE,11.93,5000
1485,2016-07-26 10:07:28,ASK,11.94,15800
1486,2016-07-26 10:07:28,BID,11.92,48500
1487,2016-07-26 10:07:28,ASK,11.94,5800
1488,2016-07-26 10:07:28,ASK,11.94,5700
1489,2016-07-26 10:07:28,TRADE,11.94,5000
1490,2016-07-26 10:07:28,ASK,11.94,700
1491,2016-07-26 10:07:28,BID,11.93,300
1492,2016-07-26 10:07:28,ASK,11.94,1800
1493,2016-07-26 10:07:28,ASK,11.94,1500
1494,2016-07-26 10:07:28,BID,11.93,5300
1495,2016-07-26 10:07:28,ASK,11.94,6200
1496,2016-07-26 10:07:28,ASK,11.94,5800
1497,2016-07-26 10:07:28,ASK,11.94,1100
1498,2016-07-26 10:07:28,TRADE,11.94,900
1499,2016-07-26 10:07:28,ASK,11.94,200
1500,2016-07-26 10:07:28,TRADE,11.94,100
1501,2016-07-26 10:07:28,ASK,11.94,100
1502,2016-07-26 10:07:29,TRADE,11.94,100
1503,2016-07-26 10:07:29,ASK,11.95,41100
1504,2016-07-26 10:07:29,TRADE,11.95,24900
1504,2016-07-26 10:07:29,ASK,11.95,16200
1505,2016-07-26 10:07:29,BID,11.94,300
1506,2016-07-26 10:07:29,TRADE,11.94,300
1507,2016-07-26 10:07:29,BID,11.93,5300
1508,2016-07-26 10:07:29,TRADE,11.93,300
1509,2016-07-26 10:07:29,TRADE,11.93,5000
1509,2016-07-26 10:07:29,BID,11.92,58600
1510,2016-07-26 10:07:29,BID,11.92,58500
1511,2016-07-26 10:07:29,ASK,11.95,20900
1512,2016-07-26 10:07:29,ASK,11.94,100
1513,2016-07-26 10:07:29,ASK,11.94,5100
1514,2016-07-26 10:07:29,ASK,11.94,5400
1515,2016-07-26 10:07:29,ASK,11.94,5800
1516,2016-07-26 10:07:29,BID,11.93,5000
1517,2016-07-26 10:07:29,TRADE,11.93,5000
1518,2016-07-26 10:07:29,BID,11.92,58500
1519,2016-07-26 10:07:29,ASK,11.94,5700
1520,2016-07-26 10:07:29,ASK,11.93,100
1521,2016-07-26 10:07:29,TRADE,11.92,20000
1522,2016-07-26 10:07:29,TRADE,11.92,500
1523,2016-07-26 10:07:29,TRADE,11.92,20000
1524,2016-07-26 10:07:29,TRADE,11.92,2000
1525,2016-07-26 10:07:29,TRADE,11.92,1000
1526,2016-07-26 10:07:29,TRADE,11.92,5000
1527,2016-07-26 10:07:29,TRADE,11.92,2300
1528,2016-07-26 10:07:29,BID,11.92,7700
1529,2016-07-26 10:07:29,ASK,11.94,5700
1530,2016-07-26 10:07:29,ASK,11.93,5000
1531,2016-07-26 10:07:29,BID,11.92,12700
1532,2016-07-26 10:07:29,BID,11.92,5000
1533,2016-07-26 10:07:29,ASK,11.93,5400
1534,2016-07-26 10:07:29,ASK,11.93,5700
1535,2016-07-26 10:07:29,ASK,11.93,15700
1536,2016-07-26 10:07:29,ASK,11.93,15400
1537,2016-07-26 10:07:29,BID,11.91,57700
1538,2016-07-26 10:07:29,BID,11.91,57600
1539,2016-07-26 10:07:29,BID,11.91,58600
1540,2016-07-26 10:07:29,ASK,11.92,100
1541,2016-07-26 10:07:29,ASK,11.92,5100
1547,2016-07-26 10:07:30,BID,11.91,55600
1548,2016-07-26 10:07:30,BID,11.91,60600
1549,2016-07-26 10:07:30,BID,11.91,59600
1550,2016-07-26 10:07:30,ASK,11.92,10700
1551,2016-07-26 10:07:30,ASK,11.92,11000
1552,2016-07-26 10:07:31,BID,11.91,54600
1553,2016-07-26 10:07:31,ASK,11.92,11400
1554,2016-07-26 10:07:31,ASK,11.92,11900
1555,2016-07-26 10:07:31,TRADE,11.91,200
1556,2016-07-26 10:07:31,TRADE,11.91,100
1557,2016-07-26 10:07:31,TRADE,11.91,200
1558,2016-07-26 10:07:31,BID,11.91,54100
1559,2016-07-26 10:07:31,TRADE,11.91,400
1560,2016-07-26 10:07:31,TRADE,11.91,1600
1561,2016-07-26 10:07:31,BID,11.91,52100
1562,2016-07-26 10:07:33,TRADE,11.91,1400
1563,2016-07-26 10:07:33,TRADE,11.91,100
1564,2016-07-26 10:07:33,BID,11.91,50600
1565,2016-07-26 10:07:33,TRADE,11.92,100
1566,2016-07-26 10:07:33,TRADE,11.92,100
1567,2016-07-26 10:07:33,ASK,11.92,11700
1568,2016-07-26 10:07:33,TRADE,11.91,400
1569,2016-07-26 10:07:33,TRADE,11.91,4000
1570,2016-07-26 10:07:33,TRADE,11.91,5000
1571,2016-07-26 10:07:33,TRADE,11.91,10000
1572,2016-07-26 10:07:33,TRADE,11.91,10000
1573,2016-07-26 10:07:33,TRADE,11.91,1000
1574,2016-07-26 10:07:33,TRADE,11.91,6000
1575,2016-07-26 10:07:33,TRADE,11.91,5000
1576,2016-07-26 10:07:33,TRADE,11.91,8200
1577,2016-07-26 10:07:33,TRADE,11.91,1000
1578,2016-07-26 10:07:33,BID,11.9,95600
1579,2016-07-26 10:07:33,TRADE,11.9,5000
1580,2016-07-26 10:07:33,TRADE,11.9,1400
1581,2016-07-26 10:07:33,TRADE,11.9,2000
1582,2016-07-26 10:07:33,TRADE,11.9,1000
1583,2016-07-26 10:07:33,TRADE,11.9,2500
1584,2016-07-26 10:07:33,TRADE,11.9,5000
1585,2016-07-26 10:07:33,TRADE,11.9,4400
1586,2016-07-26 10:07:33,TRADE,11.9,500
1587,2016-07-26 10:07:33,TRADE,11.9,400
1588,2016-07-26 10:07:33,TRADE,11.9,100
1589,2016-07-26 10:07:33,TRADE,11.9,800
1590,2016-07-26 10:07:33,TRADE,11.9,1000
1591,2016-07-26 10:07:33,TRADE,11.9,500
1592,2016-07-26 10:07:33,TRADE,11.9,5000
1593,2016-07-26 10:07:33,TRADE,11.9,400
1594,2016-07-26 10:07:33,TRADE,11.9,1000
1595,2016-07-26 10:07:33,TRADE,11.9,1000
1596,2016-07-26 10:07:33,TRADE,11.9,5000
1597,2016-07-26 10:07:33,TRADE,11.9,1000
1598,2016-07-26 10:07:33,TRADE,11.9,15000
1599,2016-07-26 10:07:33,TRADE,11.9,10000
1600,2016-07-26 10:07:33,TRADE,11.9,8900
1601,2016-07-26 10:07:33,TRADE,11.9,100
1602,2016-07-26 10:07:33,TRADE,11.9,800
1603,2016-07-26 10:07:33,TRADE,11.9,300
1604,2016-07-26 10:07:33,TRADE,11.9,500
1605,2016-07-26 10:07:33,TRADE,11.9,200
1606,2016-07-26 10:07:33,TRADE,11.9,800
1607,2016-07-26 10:07:33,TRADE,11.9,100
1608,2016-07-26 10:07:33,TRADE,11.9,100
1609,2016-07-26 10:07:33,TRADE,11.9,300
1610,2016-07-26 10:07:33,TRADE,11.9,1000
1611,2016-07-26 10:07:33,TRADE,11.9,10000
1612,2016-07-26 10:07:33,TRADE,11.9,4500
1613,2016-07-26 10:07:33,TRADE,11.9,5000
1613,2016-07-26 10:07:33,BID,11.89,14800
1614,2016-07-26 10:07:33,ASK,11.9,3800
1615,2016-07-26 10:07:33,TRADE,11.89,200
1616,2016-07-26 10:07:33,TRADE,11.89,100
1617,2016-07-26 10:07:33,TRADE,11.89,400
1618,2016-07-26 10:07:33,TRADE,11.89,300
1619,2016-07-26 10:07:33,TRADE,11.89,100
1620,2016-07-26 10:07:33,TRADE,11.89,100
1621,2016-07-26 10:07:33,TRADE,11.89,2500
1622,2016-07-26 10:07:33,BID,11.89,11100
1623,2016-07-26 10:07:33,TRADE,11.89,2000
1624,2016-07-26 10:07:33,BID,11.89,9100
1625,2016-07-26 10:07:33,BID,11.89,3600
1626,2016-07-26 10:07:33,ASK,11.9,4200
1627,2016-07-26 10:07:33,ASK,11.9,4500
1628,2016-07-26 10:07:33,BID,11.88,53900
1629,2016-07-26 10:07:33,ASK,11.9,9500
1630,2016-07-26 10:07:33,ASK,11.9,9800
1631,2016-07-26 10:07:33,BID,11.88,57500
1632,2016-07-26 10:07:33,ASK,11.89,400
1633,2016-07-26 10:07:33,ASK,11.89,5400
1634,2016-07-26 10:07:33,BID,11.88,59200
1635,2016-07-26 10:07:33,BID,11.88,59100
1636,2016-07-26 10:07:33,BID,11.88,55500
1637,2016-07-26 10:07:33,ASK,11.89,5700
1638,2016-07-26 10:07:33,TRADE,11.89,400
1639,2016-07-26 10:07:33,TRADE,11.89,1300
1640,2016-07-26 10:07:33,BID,11.88,53800
1641,2016-07-26 10:07:33,ASK,11.89,4000
1642,2016-07-26 10:07:33,ASK,11.89,4400
1643,2016-07-26 10:07:33,ASK,11.89,4100
1644,2016-07-26 10:07:33,BID,11.88,55500
1645,2016-07-26 10:07:33,BID,11.88,53800
1646,2016-07-26 10:07:33,TRADE,11.89,400
1647,2016-07-26 10:07:33,ASK,11.89,3700
1648,2016-07-26 10:07:33,TRADE,11.89,1300
1649,2016-07-26 10:07:33,ASK,11.89,2400
1650,2016-07-26 10:07:34,ASK,11.89,400
1651,2016-07-26 10:07:34,ASK,11.9,9800
1652,2016-07-26 10:07:34,BID,11.88,54600
1653,2016-07-26 10:07:34,ASK,11.89,400
1654,2016-07-26 10:07:34,BID,11.88,53800
1655,2016-07-26 10:07:34,TRADE,11.89,400
1656,2016-07-26 10:07:34,ASK,11.9,9800
1657,2016-07-26 10:07:34,TRADE,11.9,300
1657,2016-07-26 10:07:34,ASK,11.9,9500
1658,2016-07-26 10:07:34,ASK,11.89,400
1659,2016-07-26 10:07:34,BID,11.88,53900
1660,2016-07-26 10:07:34,TRADE,11.88,100
1661,2016-07-26 10:07:34,TRADE,11.88,100
1662,2016-07-26 10:07:34,TRADE,11.88,900
1663,2016-07-26 10:07:34,BID,11.88,52800
1664,2016-07-26 10:07:34,TRADE,11.88,2500
1665,2016-07-26 10:07:34,BID,11.88,50300
1666,2016-07-26 10:07:34,TRADE,11.89,200
1667,2016-07-26 10:07:34,ASK,11.89,200
1668,2016-07-26 10:07:34,ASK,11.89,5200
1669,2016-07-26 10:07:34,TRADE,11.89,200
1670,2016-07-26 10:07:34,TRADE,11.89,800
1671,2016-07-26 10:07:34,ASK,11.89,4200
1672,2016-07-26 10:07:34,ASK,11.89,4500
1673,2016-07-26 10:07:34,ASK,11.89,4900
1674,2016-07-26 10:07:34,ASK,11.89,4600
1675,2016-07-26 10:07:34,TRADE,11.88,100
1676,2016-07-26 10:07:34,BID,11.88,50200
1677,2016-07-26 10:07:34,TRADE,11.89,500
1678,2016-07-26 10:07:34,ASK,11.89,4100
1679,2016-07-26 10:07:34,TRADE,11.88,2000
1680,2016-07-26 10:07:34,TRADE,11.88,1000
1681,2016-07-26 10:07:34,BID,11.88,47200
1682,2016-07-26 10:07:34,ASK,11.89,4400
1685,2016-07-26 10:07:34,TRADE,11.88,400
1686,2016-07-26 10:07:34,BID,11.88,46800
1687,2016-07-26 10:07:34,TRADE,11.89,100
1688,2016-07-26 10:07:34,ASK,11.89,4300
1689,2016-07-26 10:07:34,TRADE,11.88,600
1690,2016-07-26 10:07:34,TRADE,11.88,200
1691,2016-07-26 10:07:34,BID,11.88,46000
1692,2016-07-26 10:07:34,ASK,11.89,4600
1694,2016-07-26 10:07:34,TRADE,11.89,100
1695,2016-07-26 10:07:34,ASK,11.89,4500
1696,2016-07-26 10:07:34,ASK,11.89,4200
1697,2016-07-26 10:07:34,TRADE,11.88,300
1698,2016-07-26 10:07:34,TRADE,11.88,200
1699,2016-07-26 10:07:34,BID,11.88,45500
1703,2016-07-26 10:07:34,TRADE,11.88,1000
1704,2016-07-26 10:07:34,BID,11.88,44500
1706,2016-07-26 10:07:34,ASK,11.89,4500
1713,2016-07-26 10:07:35,ASK,11.89,4200
1714,2016-07-26 10:07:35,TRADE,11.89,1500
1715,2016-07-26 10:07:35,ASK,11.89,2700
1716,2016-07-26 10:07:35,TRADE,11.88,100
1717,2016-07-26 10:07:35,BID,11.88,44400
1718,2016-07-26 10:07:35,TRADE,11.88,100
1719,2016-07-26 10:07:35,BID,11.88,44300
1728,2016-07-26 10:07:35,ASK,11.89,7700
1729,2016-07-26 10:07:36,TRADE,11.88,3000
1730,2016-07-26 10:07:36,BID,11.88,41300
1731,2016-07-26 10:07:36,TRADE,11.88,8200
1732,2016-07-26 10:07:36,BID,11.88,33100
1733,2016-07-26 10:07:36,ASK,11.89,8000
1734,2016-07-26 10:07:36,TRADE,11.88,900
1735,2016-07-26 10:07:36,BID,11.88,32200
1736,2016-07-26 10:07:36,TRADE,11.88,5000
1737,2016-07-26 10:07:36,BID,11.88,27200
1738,2016-07-26 10:07:36,TRADE,11.88,500
1739,2016-07-26 10:07:36,BID,11.88,26700
1740,2016-07-26 10:07:36,TRADE,11.88,100
1741,2016-07-26 10:07:36,BID,11.88,26600
1742,2016-07-26 10:07:36,TRADE,11.88,100
1743,2016-07-26 10:07:36,BID,11.88,26500
1744,2016-07-26 10:07:37,ASK,11.89,7700
1745,2016-07-26 10:07:37,ASK,11.89,8000
1746,2016-07-26 10:07:37,BID,11.88,26400
1747,2016-07-26 10:07:37,TRADE,11.88,200
1748,2016-07-26 10:07:37,BID,11.88,26200
1749,2016-07-26 10:07:37,TRADE,11.89,2000
1750,2016-07-26 10:07:37,TRADE,11.89,400
1751,2016-07-26 10:07:37,TRADE,11.89,300
1752,2016-07-26 10:07:37,TRADE,11.89,2300
1753,2016-07-26 10:07:37,ASK,11.89,3000
1754,2016-07-26 10:07:37,ASK,11.89,3400
1755,2016-07-26 10:07:37,ASK,11.89,3700
1756,2016-07-26 10:07:37,ASK,11.89,5700
1757,2016-07-26 10:07:38,BID,11.88,41200
1759,2016-07-26 10:07:39,TRADE,11.88,20600
1760,2016-07-26 10:07:39,TRADE,11.88,5600
1761,2016-07-26 10:07:39,TRADE,11.88,3800
1762,2016-07-26 10:07:39,BID,11.88,11200
1763,2016-07-26 10:07:39,TRADE,11.88,8200
1764,2016-07-26 10:07:39,BID,11.88,3000
1765,2016-07-26 10:07:39,TRADE,11.88,3000
1766,2016-07-26 10:07:39,BID,11.87,4800
1767,2016-07-26 10:07:39,ASK,11.88,5000
1768,2016-07-26 10:07:39,BID,11.87,4500
1769,2016-07-26 10:07:39,BID,11.87,4400
1770,2016-07-26 10:07:39,ASK,11.88,5400
1771,2016-07-26 10:07:39,ASK,11.88,5700
1772,2016-07-26 10:07:39,BID,11.87,200
1773,2016-07-26 10:07:39,ASK,11.88,6000
1774,2016-07-26 10:07:39,ASK,11.88,10700
1775,2016-07-26 10:07:39,ASK,11.88,20700
1779,2016-07-26 10:07:39,ASK,11.88,21200
1780,2016-07-26 10:07:41,BID,11.87,700
1781,2016-07-26 10:07:41,TRADE,11.88,500
1782,2016-07-26 10:07:41,ASK,11.88,20700
1783,2016-07-26 10:07:41,TRADE,11.88,2000
1784,2016-07-26 10:07:41,ASK,11.88,18700
1785,2016-07-26 10:07:41,ASK,11.88,8700
1786,2016-07-26 10:07:41,TRADE,11.88,2000
1787,2016-07-26 10:07:41,ASK,11.88,6700
1788,2016-07-26 10:07:41,TRADE,11.88,500
1789,2016-07-26 10:07:41,TRADE,11.88,400
1790,2016-07-26 10:07:41,TRADE,11.88,300
1791,2016-07-26 10:07:41,TRADE,11.88,300
1792,2016-07-26 10:07:41,TRADE,11.88,1500
1793,2016-07-26 10:07:41,ASK,11.88,3700
1794,2016-07-26 10:07:41,ASK,11.88,4100
1795,2016-07-26 10:07:41,ASK,11.88,4400
1796,2016-07-26 10:07:41,ASK,11.88,9000
1797,2016-07-26 10:07:41,BID,11.87,5700
1798,2016-07-26 10:07:41,ASK,11.88,9300
1799,2016-07-26 10:07:43,TRADE,11.87,100
1800,2016-07-26 10:07:43,TRADE,11.87,100
1801,2016-07-26 10:07:43,TRADE,11.87,500
1802,2016-07-26 10:07:43,TRADE,11.87,1300
1803,2016-07-26 10:07:43,BID,11.87,3700
1804,2016-07-26 10:07:43,TRADE,11.87,2900
1805,2016-07-26 10:07:43,BID,11.87,800
1806,2016-07-26 10:07:43,BID,11.86,11900
1807,2016-07-26 10:07:43,BID,11.86,11800
1808,2016-07-26 10:07:43,BID,11.86,1800
1809,2016-07-26 10:07:43,BID,11.86,2100
1810,2016-07-26 10:07:43,BID,11.86,2500
1811,2016-07-26 10:07:43,ASK,11.87,400
1812,2016-07-26 10:07:43,ASK,11.88,9300
1813,2016-07-26 10:07:43,ASK,11.87,300
1814,2016-07-26 10:07:43,BID,11.86,3500
1815,2016-07-26 10:07:43,ASK,11.87,700
1816,2016-07-26 10:07:43,ASK,11.87,5700
1817,2016-07-26 10:07:43,BID,11.86,3200
1818,2016-07-26 10:07:43,TRADE,11.86,100
1819,2016-07-26 10:07:43,TRADE,11.86,700
1820,2016-07-26 10:07:43,BID,11.86,2400
1821,2016-07-26 10:07:43,BID,11.86,2000
1822,2016-07-26 10:07:43,TRADE,11.87,300
1823,2016-07-26 10:07:43,TRADE,11.87,400
1824,2016-07-26 10:07:43,TRADE,11.87,200
1825,2016-07-26 10:07:43,ASK,11.87,4800
1826,2016-07-26 10:07:43,ASK,11.87,5100
1827,2016-07-26 10:07:43,ASK,11.87,5500
1828,2016-07-26 10:07:43,BID,11.86,2400
1829,2016-07-26 10:07:43,BID,11.86,2700
1830,2016-07-26 10:07:43,BID,11.86,2300
1833,2016-07-26 10:07:43,TRADE,11.86,300
1834,2016-07-26 10:07:43,TRADE,11.86,600
1835,2016-07-26 10:07:43,TRADE,11.86,100
1836,2016-07-26 10:07:43,TRADE,11.86,500
1837,2016-07-26 10:07:43,BID,11.86,800
1838,2016-07-26 10:07:43,BID,11.86,5800
1839,2016-07-26 10:07:43,BID,11.86,5300
1840,2016-07-26 10:07:43,TRADE,11.87,500
1841,2016-07-26 10:07:43,ASK,11.87,5000
1842,2016-07-26 10:07:43,BID,11.86,6300
1843,2016-07-26 10:07:43,ASK,11.87,5900
1844,2016-07-26 10:07:43,TRADE,11.86,300
1845,2016-07-26 10:07:43,TRADE,11.86,700
1846,2016-07-26 10:07:43,BID,11.86,5300
1847,2016-07-26 10:07:43,BID,11.86,5600
1848,2016-07-26 10:07:43,TRADE,11.86,4300
1849,2016-07-26 10:07:43,TRADE,11.86,1000
1850,2016-07-26 10:07:43,TRADE,11.86,300
1851,2016-07-26 10:07:43,BID,11.85,86600
1852,2016-07-26 10:07:43,TRADE,11.85,100
1853,2016-07-26 10:07:43,TRADE,11.85,1300
1853,2016-07-26 10:07:43,BID,11.85,85200
1854,2016-07-26 10:07:43,BID,11.85,75200
1855,2016-07-26 10:07:43,TRADE,11.85,500
1856,2016-07-26 10:07:43,BID,11.85,74700
1857,2016-07-26 10:07:43,BID,11.86,1000
1858,2016-07-26 10:07:43,ASK,11.87,6200
1860,2016-07-26 10:07:43,TRADE,11.86,200
1861,2016-07-26 10:07:43,BID,11.86,800
1862,2016-07-26 10:07:43,TRADE,11.86,800
1863,2016-07-26 10:07:43,BID,11.85,74700
1864,2016-07-26 10:07:43,BID,11.85,75700
1865,2016-07-26 10:07:43,BID,11.86,1000
1866,2016-07-26 10:07:43,TRADE,11.86,200
1867,2016-07-26 10:07:43,BID,11.86,800
1868,2016-07-26 10:07:43,BID,11.85,74700
1869,2016-07-26 10:07:43,BID,11.86,1000
1870,2016-07-26 10:07:43,TRADE,11.86,1000
1871,2016-07-26 10:07:43,BID,11.85,74700
1872,2016-07-26 10:07:43,TRADE,11.85,1000
1872,2016-07-26 10:07:43,BID,11.85,73700
1873,2016-07-26 10:07:43,TRADE,11.85,1000
1874,2016-07-26 10:07:43,BID,11.85,72700
1875,2016-07-26 10:07:43,ASK,11.87,6700
1876,2016-07-26 10:07:43,BID,11.86,800
1877,2016-07-26 10:07:43,TRADE,11.86,800
1878,2016-07-26 10:07:43,BID,11.85,72700
1879,2016-07-26 10:07:43,TRADE,11.85,2300
1879,2016-07-26 10:07:43,BID,11.85,70400
1880,2016-07-26 10:07:43,BID,11.85,71400
1881,2016-07-26 10:07:43,TRADE,11.85,1800
1882,2016-07-26 10:07:43,BID,11.85,69600
1883,2016-07-26 10:07:44,TRADE,11.85,500
1884,2016-07-26 10:07:44,BID,11.85,69100
1885,2016-07-26 10:07:44,TRADE,11.85,4600
1886,2016-07-26 10:07:44,BID,11.85,64500
1887,2016-07-26 10:07:44,TRADE,11.85,1000
1888,2016-07-26 10:07:44,BID,11.85,63500
1889,2016-07-26 10:07:44,ASK,11.86,300
1890,2016-07-26 10:07:44,ASK,11.87,7000
1891,2016-07-26 10:07:44,ASK,11.86,5000
1892,2016-07-26 10:07:44,ASK,11.86,5400
1893,2016-07-26 10:07:44,ASK,11.86,5700
1894,2016-07-26 10:07:44,TRADE,11.85,1200
1895,2016-07-26 10:07:44,BID,11.85,62300
1896,2016-07-26 10:07:44,ASK,11.86,6200
1897,2016-07-26 10:07:44,TRADE,11.85,400
1898,2016-07-26 10:07:44,BID,11.85,61900
1899,2016-07-26 10:07:44,TRADE,11.85,100
1900,2016-07-26 10:07:44,BID,11.85,61800
1901,2016-07-26 10:07:44,TRADE,11.86,1000
1902,2016-07-26 10:07:44,ASK,11.86,5200
1903,2016-07-26 10:07:44,BID,11.85,60800
1904,2016-07-26 10:07:44,TRADE,11.86,2500
1905,2016-07-26 10:07:44,ASK,11.86,2700
1906,2016-07-26 10:07:44,ASK,11.86,2400
1907,2016-07-26 10:07:44,ASK,11.86,2000
1908,2016-07-26 10:07:45,ASK,11.86,500
1909,2016-07-26 10:07:45,TRADE,11.86,100
1910,2016-07-26 10:07:45,ASK,11.86,400
1911,2016-07-26 10:07:45,BID,11.85,57200
1912,2016-07-26 10:07:45,TRADE,11.85,500
1913,2016-07-26 10:07:45,BID,11.85,56700
1914,2016-07-26 10:07:45,TRADE,11.85,400
1915,2016-07-26 10:07:45,BID,11.85,56300
1916,2016-07-26 10:07:45,ASK,11.86,5400
1917,2016-07-26 10:07:45,BID,11.85,61300
1918,2016-07-26 10:07:45,ASK,11.86,5800
1919,2016-07-26 10:07:45,ASK,11.86,5400
1920,2016-07-26 10:07:46,ASK,11.86,400
1921,2016-07-26 10:07:46,TRADE,11.86,300
1922,2016-07-26 10:07:46,ASK,11.86,100
1923,2016-07-26 10:07:46,BID,11.85,71300
1924,2016-07-26 10:07:46,TRADE,11.85,500
1925,2016-07-26 10:07:46,BID,11.85,70800
1926,2016-07-26 10:07:46,TRADE,11.86,100
1927,2016-07-26 10:07:46,ASK,11.87,6300
1928,2016-07-26 10:07:46,BID,11.86,5000
1929,2016-07-26 10:07:46,BID,11.86,5400
1930,2016-07-26 10:07:47,TRADE,11.86,400
1931,2016-07-26 10:07:47,BID,11.86,5000
1932,2016-07-26 10:07:47,ASK,11.87,6000
1933,2016-07-26 10:07:47,TRADE,11.86,100
1934,2016-07-26 10:07:47,BID,11.86,4900
1935,2016-07-26 10:07:47,TRADE,11.86,1600
1936,2016-07-26 10:07:47,BID,11.86,3300
1937,2016-07-26 10:07:47,BID,11.86,4300
1939,2016-07-26 10:07:49,TRADE,11.86,300
1940,2016-07-26 10:07:49,BID,11.86,4000
1941,2016-07-26 10:07:49,ASK,11.87,5900
1942,2016-07-26 10:07:49,BID,11.86,39000
1943,2016-07-26 10:07:49,ASK,11.87,5500
1944,2016-07-26 10:07:49,ASK,11.87,1200
1945,2016-07-26 10:07:49,BID,11.86,49000
1946,2016-07-26 10:07:50,BID,11.86,52000
1947,2016-07-26 10:07:51,TRADE,11.87,900
1948,2016-07-26 10:07:51,TRADE,11.87,300
1949,2016-07-26 10:07:51,ASK,11.88,10400
1950,2016-07-26 10:07:51,TRADE,11.88,3200
1951,2016-07-26 10:07:51,TRADE,11.88,400
1952,2016-07-26 10:07:51,TRADE,11.88,4600
1953,2016-07-26 10:07:51,TRADE,11.88,300
1954,2016-07-26 10:07:51,TRADE,11.88,1800
1955,2016-07-26 10:07:51,TRADE,11.88,100
1955,2016-07-26 10:07:51,BID,11.88,134900
1956,2016-07-26 10:07:51,ASK,11.89,15800
1957,2016-07-26 10:07:51,BID,11.88,139900
1958,2016-07-26 10:07:51,TRADE,11.88,400
1959,2016-07-26 10:07:51,BID,11.88,139500
1960,2016-07-26 10:07:51,ASK,11.89,15700
1961,2016-07-26 10:07:51,ASK,11.89,15300
1962,2016-07-26 10:07:51,ASK,11.89,5300
1963,2016-07-26 10:07:51,ASK,11.89,5000
1964,2016-07-26 10:07:51,ASK,11.89,4700
1965,2016-07-26 10:07:51,ASK,11.89,2700
1966,2016-07-26 10:07:51,BID,11.88,149500
1969,2016-07-26 10:07:52,TRADE,11.89,2700
1970,2016-07-26 10:07:52,ASK,11.9,39800
1971,2016-07-26 10:07:52,TRADE,11.9,3500
1972,2016-07-26 10:07:52,TRADE,11.9,400
1973,2016-07-26 10:07:52,TRADE,11.9,300
1974,2016-07-26 10:07:52,TRADE,11.9,3100
1974,2016-07-26 10:07:52,ASK,11.9,32500
1975,2016-07-26 10:07:52,BID,11.89,400
1976,2016-07-26 10:07:52,BID,11.89,700
1977,2016-07-26 10:07:52,BID,11.89,5700
1978,2016-07-26 10:07:52,BID,11.89,6000
1979,2016-07-26 10:07:52,TRADE,11.89,100
1980,2016-07-26 10:07:52,BID,11.89,5900
1981,2016-07-26 10:07:52,TRADE,11.9,1900
1982,2016-07-26 10:07:52,TRADE,11.9,300
1983,2016-07-26 10:07:52,TRADE,11.9,1000
1984,2016-07-26 10:07:52,TRADE,11.9,400
1985,2016-07-26 10:07:52,TRADE,11.9,800
1986,2016-07-26 10:07:52,TRADE,11.9,1000
1987,2016-07-26 10:07:52,TRADE,11.9,4600
1988,2016-07-26 10:07:52,ASK,11.9,22500
1989,2016-07-26 10:07:52,BID,11.89,15900
1994,2016-07-26 10:07:53,TRADE,11.89,300
1995,2016-07-26 10:07:53,TRADE,11.89,300
1996,2016-07-26 10:07:53,TRADE,11.89,400
1997,2016-07-26 10:07:53,BID,11.89,14900
1998,2016-07-26 10:07:55,BID,11.89,4900
1999,2016-07-26 10:07:55,BID,11.89,5300
2000,2016-07-26 10:07:56,TRADE,11.89,100
2001,2016-07-26 10:07:56,BID,11.89,5200
2002,2016-07-26 10:07:56,BID,11.89,5700
2003,2016-07-26 10:07:57,BID,11.89,7700
2004,2016-07-26 10:07:57,BID,11.89,8700
2005,2016-07-26 10:07:57,ASK,11.9,22400
2006,2016-07-26 10:07:57,TRADE,11.9,1600
2007,2016-07-26 10:07:57,ASK,11.9,20800
2008,2016-07-26 10:07:58,BID,11.89,13700
2009,2016-07-26 10:07:59,TRADE,11.89,1500
2010,2016-07-26 10:07:59,BID,11.89,12200
2011,2016-07-26 10:07:59,ASK,11.9,25800
2012,2016-07-26 10:08:00,BID,11.89,11800
2013,2016-07-26 10:08:00,TRADE,11.89,500
2014,2016-07-26 10:08:00,BID,11.89,11300
2015,2016-07-26 10:08:01,BID,11.89,8800
2016,2016-07-26 10:08:02,TRADE,11.89,300
2017,2016-07-26 10:08:02,TRADE,11.89,500
2018,2016-07-26 10:08:02,TRADE,11.89,200
2019,2016-07-26 10:08:02,BID,11.89,7800
2020,2016-07-26 10:08:02,BID,11.89,8100
2021,2016-07-26 10:08:02,TRADE,11.89,1000
2022,2016-07-26 10:08:02,BID,11.89,7100
2023,2016-07-26 10:08:02,ASK,11.9,26800
2024,2016-07-26 10:08:03,TRADE,11.9,13800
2025,2016-07-26 10:08:03,TRADE,11.9,1200
2026,2016-07-26 10:08:03,ASK,11.9,11800
2027,2016-07-26 10:08:03,BID,11.89,12100
2028,2016-07-26 10:08:03,TRADE,11.9,3800
2029,2016-07-26 10:08:03,TRADE,11.9,500
2030,2016-07-26 10:08:03,TRADE,11.9,1000
2031,2016-07-26 10:08:03,TRADE,11.9,500
2032,2016-07-26 10:08:03,TRADE,11.9,5000
2033,2016-07-26 10:08:03,TRADE,11.9,1000
2034,2016-07-26 10:08:03,ASK,11.91,16200
2035,2016-07-26 10:08:03,ASK,11.91,6200
2036,2016-07-26 10:08:03,BID,11.89,12500
2037,2016-07-26 10:08:03,BID,11.9,5000
2038,2016-07-26 10:08:03,ASK,11.91,5900
2039,2016-07-26 10:08:03,ASK,11.91,5800
2040,2016-07-26 10:08:03,BID,11.9,5300
2041,2016-07-26 10:08:03,BID,11.9,5700
2042,2016-07-26 10:08:03,ASK,11.91,9400
2043,2016-07-26 10:08:03,BID,11.9,5300
2044,2016-07-26 10:08:03,ASK,11.91,5800
2045,2016-07-26 10:08:03,BID,11.9,5700
2046,2016-07-26 10:08:03,ASK,11.91,800
2047,2016-07-26 10:08:03,BID,11.9,15700
2048,2016-07-26 10:08:03,ASK,11.91,500
2049,2016-07-26 10:08:03,ASK,11.91,100
2050,2016-07-26 10:08:04,TRADE,11.9,1000
2051,2016-07-26 10:08:04,BID,11.9,14700
2052,2016-07-26 10:08:04,TRADE,11.9,1000
2053,2016-07-26 10:08:04,BID,11.9,13700
2054,2016-07-26 10:08:05,TRADE,11.9,1000
2055,2016-07-26 10:08:05,BID,11.9,12700
2056,2016-07-26 10:08:05,BID,11.9,2700
2057,2016-07-26 10:08:05,ASK,11.91,5100
2058,2016-07-26 10:08:05,ASK,11.91,5400
2059,2016-07-26 10:08:05,ASK,11.91,5800
2060,2016-07-26 10:08:06,ASK,11.91,6100
2061,2016-07-26 10:08:06,ASK,11.91,9700
2062,2016-07-26 10:08:06,BID,11.9,2400
2063,2016-07-26 10:08:06,BID,11.9,400
2064,2016-07-26 10:08:06,BID,11.89,22600
2065,2016-07-26 10:08:06,BID,11.9,2000
2066,2016-07-26 10:08:06,TRADE,11.91,100
2067,2016-07-26 10:08:06,TRADE,11.91,5000
2068,2016-07-26 10:08:06,TRADE,11.91,300
2069,2016-07-26 10:08:06,TRADE,11.91,400
2070,2016-07-26 10:08:06,TRADE,11.91,300
2071,2016-07-26 10:08:06,TRADE,11.91,3600
2072,2016-07-26 10:08:06,BID,11.91,300
2073,2016-07-26 10:08:06,ASK,11.92,22000
2074,2016-07-26 10:08:06,TRADE,11.92,1200
2075,2016-07-26 10:08:06,ASK,11.92,20800
2076,2016-07-26 10:08:06,TRADE,11.91,300
2077,2016-07-26 10:08:06,BID,11.9,2700
2078,2016-07-26 10:08:06,ASK,11.91,300
2079,2016-07-26 10:08:06,BID,11.9,7700
2080,2016-07-26 10:08:06,ASK,11.92,20700
2081,2016-07-26 10:08:06,ASK,11.92,10700
2082,2016-07-26 10:08:06,BID,11.9,8000
2083,2016-07-26 10:08:06,ASK,11.91,5000
2084,2016-07-26 10:08:06,ASK,11.92,10700
2085,2016-07-26 10:08:06,ASK,11.91,3600
2086,2016-07-26 10:08:06,ASK,11.92,14200
2087,2016-07-26 10:08:06,TRADE,11.9,2000
2088,2016-07-26 10:08:06,TRADE,11.9,300
2089,2016-07-26 10:08:06,TRADE,11.9,400
2090,2016-07-26 10:08:06,TRADE,11.9,2300
2091,2016-07-26 10:08:06,BID,11.9,3000
2092,2016-07-26 10:08:06,BID,11.9,3300
2093,2016-07-26 10:08:06,ASK,11.91,300
2094,2016-07-26 10:08:06,ASK,11.91,700
2095,2016-07-26 10:08:06,BID,11.9,3700
2096,2016-07-26 10:08:06,ASK,11.91,1000
2097,2016-07-26 10:08:06,ASK,11.91,600
2098,2016-07-26 10:08:06,ASK,11.91,4200
2099,2016-07-26 10:08:06,ASK,11.91,3900
2100,2016-07-26 10:08:06,ASK,11.91,4200
2101,2016-07-26 10:08:06,ASK,11.91,9200
2102,2016-07-26 10:08:06,ASK,11.91,9600
2103,2016-07-26 10:08:07,BID,11.9,3400
2104,2016-07-26 10:08:08,BID,11.9,5400
2105,2016-07-26 10:08:08,TRADE,11.9,300
2106,2016-07-26 10:08:08,BID,11.9,5100
2107,2016-07-26 10:08:08,TRADE,11.91,300
2108,2016-07-26 10:08:08,TRADE,11.91,300
2109,2016-07-26 10:08:08,ASK,11.91,9000
2110,2016-07-26 10:08:08,ASK,11.91,9300
2111,2016-07-26 10:08:11,BID,11.9,2700
2112,2016-07-26 10:08:11,BID,11.9,2300
2113,2016-07-26 10:08:11,BID,11.9,2000
2114,2016-07-26 10:08:11,TRADE,11.9,2000
2115,2016-07-26 10:08:11,BID,11.89,17700
2116,2016-07-26 10:08:11,ASK,11.9,15700
2117,2016-07-26 10:08:11,ASK,11.9,20700
2118,2016-07-26 10:08:11,BID,11.89,7700
2119,2016-07-26 10:08:11,TRADE,11.9,15700
2120,2016-07-26 10:08:11,ASK,11.9,5000
2121,2016-07-26 10:08:11,BID,11.89,7300
2122,2016-07-26 10:08:11,BID,11.89,7600
2123,2016-07-26 10:08:11,TRADE,11.9,5000
2124,2016-07-26 10:08:11,ASK,11.91,9300
2125,2016-07-26 10:08:11,BID,11.89,8000
2126,2016-07-26 10:08:11,BID,11.89,7900
2127,2016-07-26 10:08:11,ASK,11.9,400
2128,2016-07-26 10:08:11,BID,11.89,7800
2129,2016-07-26 10:08:12,ASK,11.91,9400
2130,2016-07-26 10:08:12,BID,11.89,17800
2131,2016-07-26 10:08:12,TRADE,11.89,100
2132,2016-07-26 10:08:12,BID,11.89,17700
2133,2016-07-26 10:08:13,TRADE,11.89,700
2134,2016-07-26 10:08:13,TRADE,11.89,1000
2135,2016-07-26 10:08:13,TRADE,11.89,300
2136,2016-07-26 10:08:13,TRADE,11.89,1000
2137,2016-07-26 10:08:13,BID,11.89,14700
2138,2016-07-26 10:08:13,BID,11.89,4700
2139,2016-07-26 10:08:13,BID,11.89,5000
2140,2016-07-26 10:08:13,ASK,11.9,400
2141,2016-07-26 10:08:13,ASK,11.9,4000
2142,2016-07-26 10:08:13,ASK,11.9,4300
2143,2016-07-26 10:08:13,ASK,11.9,4600
2144,2016-07-26 10:08:13,ASK,11.9,9600
2145,2016-07-26 10:08:13,BID,11.89,4700
2146,2016-07-26 10:08:13,ASK,11.9,10800
2147,2016-07-26 10:08:13,BID,11.89,4300
2148,2016-07-26 10:08:13,ASK,11.9,12800
2149,2016-07-26 10:08:14,TRADE,11.9,400
2150,2016-07-26 10:08:14,TRADE,11.9,1600
2151,2016-07-26 10:08:14,ASK,11.9,10800
2152,2016-07-26 10:08:14,BID,11.89,4700
2153,2016-07-26 10:08:14,ASK,11.9,11200
2154,2016-07-26 10:08:14,ASK,11.9,14200
2155,2016-07-26 10:08:14,BID,11.89,4300
2156,2016-07-26 10:08:14,TRADE,11.89,1200
2157,2016-07-26 10:08:14,BID,11.89,3100
2158,2016-07-26 10:08:14,ASK,11.9,13000
2159,2016-07-26 10:08:14,ASK,11.9,15000
2160,2016-07-26 10:08:15,BID,11.89,5100
2161,2016-07-26 10:08:16,TRADE,11.9,1800
2162,2016-07-26 10:08:16,ASK,11.9,13200
2163,2016-07-26 10:08:16,BID,11.89,5500
2164,2016-07-26 10:08:16,TRADE,11.9,200
2165,2016-07-26 10:08:16,TRADE,11.9,300
2166,2016-07-26 10:08:16,TRADE,11.9,300
2167,2016-07-26 10:08:16,TRADE,11.9,5000
2168,2016-07-26 10:08:16,TRADE,11.9,700
2169,2016-07-26 10:08:16,ASK,11.9,6700
2170,2016-07-26 10:08:16,BID,11.89,5800
2171,2016-07-26 10:08:16,ASK,11.9,3700
2172,2016-07-26 10:08:16,ASK,11.9,3300
2173,2016-07-26 10:08:16,ASK,11.9,6900
2174,2016-07-26 10:08:17,ASK,11.9,3300
2175,2016-07-26 10:08:17,BID,11.89,15800
2176,2016-07-26 10:08:17,ASK,11.9,3700
2177,2016-07-26 10:08:17,ASK,11.9,3300
2178,2016-07-26 10:08:18,TRADE,11.9,600
2179,2016-07-26 10:08:18,ASK,11.9,2700
2180,2016-07-26 10:08:19,ASK,11.9,3100
2181,2016-07-26 10:08:19,TRADE,11.9,700
2182,2016-07-26 10:08:19,TRADE,11.9,2000
2183,2016-07-26 10:08:19,TRADE,11.9,400
2184,2016-07-26 10:08:19,BID,11.9,26900
2185,2016-07-26 10:08:19,ASK,11.91,10000
2186,2016-07-26 10:08:19,BID,11.9,31900
2187,2016-07-26 10:08:19,ASK,11.91,9700
2188,2016-07-26 10:08:20,BID,11.9,5000
2189,2016-07-26 10:08:20,ASK,11.91,10000
2190,2016-07-26 10:08:20,BID,11.89,15900
2191,2016-07-26 10:08:20,BID,11.89,15800
2192,2016-07-26 10:08:20,BID,11.89,5800
2193,2016-07-26 10:08:20,ASK,11.91,13600
2194,2016-07-26 10:08:21,ASK,11.9,300
2195,2016-07-26 10:08:21,ASK,11.9,5300
2196,2016-07-26 10:08:21,BID,11.89,5500
2197,2016-07-26 10:08:21,ASK,11.9,5700
2198,2016-07-26 10:08:21,ASK,11.9,6000
2199,2016-07-26 10:08:21,ASK,11.9,9600
2200,2016-07-26 10:08:21,ASK,11.9,11600
2201,2016-07-26 10:08:21,TRADE,11.9,300
2202,2016-07-26 10:08:21,TRADE,11.9,1700
2203,2016-07-26 10:08:21,ASK,11.9,9600
2204,2016-07-26 10:08:21,ASK,11.9,9900
2205,2016-07-26 10:08:21,TRADE,11.9,100
2206,2016-07-26 10:08:21,ASK,11.9,9800
2207,2016-07-26 10:08:22,BID,11.89,5800
2208,2016-07-26 10:08:22,BID,11.89,6800
2209,2016-07-26 10:08:23,ASK,11.9,11300
2210,2016-07-26 10:08:23,TRADE,11.9,3200
2211,2016-07-26 10:08:23,TRADE,11.9,400
2212,2016-07-26 10:08:23,TRADE,11.9,300
2213,2016-07-26 10:08:23,TRADE,11.9,3600
2214,2016-07-26 10:08:23,TRADE,11.9,2000
2215,2016-07-26 10:08:23,TRADE,11.9,300
2216,2016-07-26 10:08:23,TRADE,11.9,200
2217,2016-07-26 10:08:23,ASK,11.9,1300
2218,2016-07-26 10:08:23,BID,11.89,7100
2219,2016-07-26 10:08:23,ASK,11.9,4900
2220,2016-07-26 10:08:23,ASK,11.9,1300
2221,2016-07-26 10:08:23,TRADE,11.89,2800
2222,2016-07-26 10:08:23,TRADE,11.89,300
2223,2016-07-26 10:08:23,TRADE,11.89,2000
2224,2016-07-26 10:08:23,TRADE,11.89,400
2225,2016-07-26 10:08:23,TRADE,11.89,300
2226,2016-07-26 10:08:23,TRADE,11.89,1000
2227,2016-07-26 10:08:23,TRADE,11.89,300
2228,2016-07-26 10:08:23,BID,11.88,23100
2229,2016-07-26 10:08:23,TRADE,11.88,900
2229,2016-07-26 10:08:23,BID,11.88,22200
2230,2016-07-26 10:08:23,BID,11.89,300
2231,2016-07-26 10:08:23,ASK,11.9,1600
2232,2016-07-26 10:08:23,ASK,11.9,2000
2233,2016-07-26 10:08:23,BID,11.89,600
2234,2016-07-26 10:08:23,BID,11.89,1000
2235,2016-07-26 10:08:23,BID,11.89,6000
2236,2016-07-26 10:08:23,ASK,11.9,2300
2237,2016-07-26 10:08:23,ASK,11.9,5500
2238,2016-07-26 10:08:23,BID,11.89,5700
2239,2016-07-26 10:08:23,BID,11.89,5300
2240,2016-07-26 10:08:23,ASK,11.9,9100
2241,2016-07-26 10:08:23,ASK,11.9,5500
2242,2016-07-26 10:08:23,ASK,11.9,9100
2243,2016-07-26 10:08:23,BID,11.89,10300
2244,2016-07-26 10:08:23,ASK,11.9,5500
2245,2016-07-26 10:08:23,BID,11.89,10600
2246,2016-07-26 10:08:23,BID,11.89,11000
2247,2016-07-26 10:08:23,ASK,11.9,2300
2248,2016-07-26 10:08:23,ASK,11.9,2000
2249,2016-07-26 10:08:23,ASK,11.9,1700
2250,2016-07-26 10:08:23,ASK,11.9,1300
2251,2016-07-26 10:08:24,ASK,11.9,1700
2252,2016-07-26 10:08:24,ASK,11.9,5300
2253,2016-07-26 10:08:24,ASK,11.9,5600
2254,2016-07-26 10:08:24,ASK,11.9,5900
2255,2016-07-26 10:08:24,ASK,11.9,2300
2256,2016-07-26 10:08:24,ASK,11.9,3300
2257,2016-07-26 10:08:25,ASK,11.9,3000
2258,2016-07-26 10:08:26,ASK,11.9,2700
2259,2016-07-26 10:08:26,TRADE,11.89,300
2260,2016-07-26 10:08:26,TRADE,11.89,1700
2261,2016-07-26 10:08:26,BID,11.89,9000
2262,2016-07-26 10:08:26,BID,11.89,9300
2263,2016-07-26 10:08:26,ASK,11.9,3000
2264,2016-07-26 10:08:26,ASK,11.9,8000
2265,2016-07-26 10:08:26,ASK,11.9,8300
2266,2016-07-26 10:08:26,BID,11.89,9000
2267,2016-07-26 10:08:26,ASK,11.9,11900
2268,2016-07-26 10:08:26,ASK,11.9,8300
2269,2016-07-26 10:08:27,TRADE,11.9,100
2270,2016-07-26 10:08:27,ASK,11.9,8200
2271,2016-07-26 10:08:27,BID,11.89,19000
2272,2016-07-26 10:08:27,ASK,11.9,7800
2273,2016-07-26 10:08:27,ASK,11.9,7500
2274,2016-07-26 10:08:27,ASK,11.9,7200
2275,2016-07-26 10:08:27,ASK,11.9,2200
2276,2016-07-26 10:08:27,ASK,11.9,12200
2277,2016-07-26 10:08:27,ASK,11.9,14200
2278,2016-07-26 10:08:28,ASK,11.9,19200
2279,2016-07-26 10:08:28,TRADE,11.9,1200
2280,2016-07-26 10:08:28,TRADE,11.9,800
2281,2016-07-26 10:08:28,ASK,11.9,17200
2282,2016-07-26 10:08:28,ASK,11.9,12200
2283,2016-07-26 10:08:29,TRADE,11.89,2000
2284,2016-07-26 10:08:29,BID,11.89,17000
2285,2016-07-26 10:08:29,ASK,11.9,17200
2286,2016-07-26 10:08:29,TRADE,11.9,200
2287,2016-07-26 10:08:29,TRADE,11.9,6800
2288,2016-07-26 10:08:29,ASK,11.9,10200
2289,2016-07-26 10:08:30,BID,11.89,18000
2290,2016-07-26 10:08:30,ASK,11.9,5200
2291,2016-07-26 10:08:30,ASK,11.9,5400
2293,2016-07-26 10:08:31,TRADE,11.89,1300
2294,2016-07-26 10:08:31,TRADE,11.89,5000
2295,2016-07-26 10:08:31,TRADE,11.89,400
2296,2016-07-26 10:08:31,TRADE,11.89,300
2297,2016-07-26 10:08:31,TRADE,11.89,8500
2298,2016-07-26 10:08:31,BID,11.89,2500
2299,2016-07-26 10:08:31,ASK,11.9,5700
2300,2016-07-26 10:08:31,ASK,11.9,6100
2301,2016-07-26 10:08:31,ASK,11.9,11100
2302,2016-07-26 10:08:31,ASK,11.9,11400
2303,2016-07-26 10:08:31,BID,11.89,7500
2304,2016-07-26 10:08:31,ASK,11.9,15000
2305,2016-07-26 10:08:31,ASK,11.9,11400
2306,2016-07-26 10:08:31,ASK,11.9,21400
2307,2016-07-26 10:08:31,TRADE,11.89,1500
2308,2016-07-26 10:08:31,TRADE,11.89,500
2309,2016-07-26 10:08:31,BID,11.89,5500
2310,2016-07-26 10:08:31,BID,11.89,500
2311,2016-07-26 10:08:31,TRADE,11.89,500
2312,2016-07-26 10:08:31,BID,11.88,6000
2313,2016-07-26 10:08:31,BID,11.88,6300
2314,2016-07-26 10:08:31,BID,11.88,6600
2315,2016-07-26 10:08:31,BID,11.88,7000
2316,2016-07-26 10:08:31,ASK,11.89,500
2317,2016-07-26 10:08:31,ASK,11.9,21400
2318,2016-07-26 10:08:32,BID,11.88,6900
2319,2016-07-26 10:08:33,ASK,11.9,22400
2320,2016-07-26 10:08:33,ASK,11.9,24400
2321,2016-07-26 10:08:34,ASK,11.89,100
2322,2016-07-26 10:08:34,TRADE,11.89,100
2323,2016-07-26 10:08:34,ASK,11.9,24400
2324,2016-07-26 10:08:34,TRADE,11.9,1000
2324,2016-07-26 10:08:34,ASK,11.9,23400
2325,2016-07-26 10:08:34,ASK,11.9,13400
2326,2016-07-26 10:08:34,BID,11.89,300
2327,2016-07-26 10:08:34,BID,11.89,700
2328,2016-07-26 10:08:34,BID,11.89,5700
2329,2016-07-26 10:08:34,BID,11.89,6000
2330,2016-07-26 10:08:34,ASK,11.9,17000
2331,2016-07-26 10:08:34,ASK,11.9,13400
2332,2016-07-26 10:08:35,ASK,11.9,13100
2333,2016-07-26 10:08:35,ASK,11.9,8100
2334,2016-07-26 10:08:35,ASK,11.9,7800
2335,2016-07-26 10:08:35,ASK,11.9,7400
2336,2016-07-26 10:08:36,BID,11.89,7000
2337,2016-07-26 10:08:36,TRADE,11.9,2200
2338,2016-07-26 10:08:36,TRADE,11.9,2000
2339,2016-07-26 10:08:36,TRADE,11.9,200
2340,2016-07-26 10:08:36,TRADE,11.9,1000
2341,2016-07-26 10:08:36,TRADE,11.9,2000
2342,2016-07-26 10:08:36,ASK,11.91,20100
2343,2016-07-26 10:08:36,TRADE,11.91,5000
2344,2016-07-26 10:08:36,TRADE,11.91,400
2345,2016-07-26 10:08:36,TRADE,11.91,300
2346,2016-07-26 10:08:36,TRADE,11.91,4000
2347,2016-07-26 10:08:36,TRADE,11.91,300
2348,2016-07-26 10:08:36,TRADE,11.91,2600
2348,2016-07-26 10:08:36,ASK,11.91,7500
2349,2016-07-26 10:08:36,BID,11.9,300
2350,2016-07-26 10:08:36,BID,11.9,700
2351,2016-07-26 10:08:36,ASK,11.91,12500
2352,2016-07-26 10:08:36,ASK,11.91,12900
2353,2016-07-26 10:08:36,BID,11.9,1000
2354,2016-07-26 10:08:36,BID,11.9,6000
2355,2016-07-26 10:08:36,ASK,11.91,12800
2356,2016-07-26 10:08:36,ASK,11.91,5400
2357,2016-07-26 10:08:36,ASK,11.91,5000
2358,2016-07-26 10:08:36,ASK,11.92,10100
2359,2016-07-26 10:08:36,ASK,11.91,3600
2360,2016-07-26 10:08:36,ASK,11.92,13900
2361,2016-07-26 10:08:36,BID,11.9,16000
2362,2016-07-26 10:08:36,BID,11.91,400
2363,2016-07-26 10:08:36,BID,11.91,5400
2364,2016-07-26 10:08:36,BID,11.91,5700
2365,2016-07-26 10:08:36,ASK,11.92,10300
2366,2016-07-26 10:08:36,BID,11.91,6000
2367,2016-07-26 10:08:36,ASK,11.92,10000
2368,2016-07-26 10:08:36,ASK,11.92,9600
2369,2016-07-26 10:08:36,ASK,11.92,11600
2370,2016-07-26 10:08:36,BID,11.91,5700
2373,2016-07-26 10:08:36,TRADE,11.91,100
2374,2016-07-26 10:08:36,BID,11.91,5600
2376,2016-07-26 10:08:36,ASK,11.92,13600
2377,2016-07-26 10:08:36,ASK,11.92,15600
2378,2016-07-26 10:08:36,ASK,11.92,13600
2380,2016-07-26 10:08:37,BID,11.91,5300
2381,2016-07-26 10:08:37,BID,11.91,300
2382,2016-07-26 10:08:37,BID,11.9,16000
2383,2016-07-26 10:08:37,BID,11.91,400
2384,2016-07-26 10:08:37,ASK,11.92,17200
2385,2016-07-26 10:08:38,BID,11.9,16100
2386,2016-07-26 10:08:38,BID,11.9,6100
2387,2016-07-26 10:08:38,ASK,11.91,300
2388,2016-07-26 10:08:38,ASK,11.91,5300
2389,2016-07-26 10:08:38,ASK,11.91,5600
2390,2016-07-26 10:08:38,BID,11.9,5800
2391,2016-07-26 10:08:38,ASK,11.91,6000
2392,2016-07-26 10:08:38,ASK,11.91,9600
2393,2016-07-26 10:08:38,ASK,11.91,6000
2394,2016-07-26 10:08:38,ASK,11.91,5600
2395,2016-07-26 10:08:38,TRADE,11.91,300
2396,2016-07-26 10:08:38,TRADE,11.91,2300
2397,2016-07-26 10:08:38,ASK,11.91,3000
2398,2016-07-26 10:08:38,ASK,11.91,300
2399,2016-07-26 10:08:38,ASK,11.92,11600
2400,2016-07-26 10:08:38,BID,11.9,6100
2401,2016-07-26 10:08:38,ASK,11.92,15200
2402,2016-07-26 10:08:38,ASK,11.92,17200
2403,2016-07-26 10:08:38,ASK,11.91,300
2404,2016-07-26 10:08:38,ASK,11.91,3900
2405,2016-07-26 10:08:38,ASK,11.91,4200
2406,2016-07-26 10:08:38,ASK,11.91,600
2407,2016-07-26 10:08:38,ASK,11.91,300
2408,2016-07-26 10:08:38,ASK,11.92,11600
2409,2016-07-26 10:08:38,ASK,11.92,15200
2410,2016-07-26 10:08:38,ASK,11.92,17200
2411,2016-07-26 10:08:40,TRADE,11.9,300
2412,2016-07-26 10:08:40,TRADE,11.9,400
2413,2016-07-26 10:08:40,TRADE,11.9,500
2414,2016-07-26 10:08:40,BID,11.9,4900
2415,2016-07-26 10:08:40,BID,11.9,5200
2416,2016-07-26 10:08:40,ASK,11.91,300
2417,2016-07-26 10:08:40,BID,11.9,5600
2418,2016-07-26 10:08:40,ASK,11.91,600
2419,2016-07-26 10:08:41,ASK,11.91,4200
2420,2016-07-26 10:08:41,BID,11.9,5300
2421,2016-07-26 10:08:41,ASK,11.91,4600
2422,2016-07-26 10:08:42,TRADE,11.9,4500
2423,2016-07-26 10:08:42,TRADE,11.9,100
2424,2016-07-26 10:08:42,TRADE,11.9,300
2425,2016-07-26 10:08:42,TRADE,11.9,400
2426,2016-07-26 10:08:42,BID,11.89,19600
2427,2016-07-26 10:08:42,ASK,11.9,1300
2428,2016-07-26 10:08:42,BID,11.89,19500
2429,2016-07-26 10:08:42,BID,11.89,9500
2430,2016-07-26 10:08:42,ASK,11.9,1600
2431,2016-07-26 10:08:43,TRADE,11.9,1000
2432,2016-07-26 10:08:43,ASK,11.9,600
2433,2016-07-26 10:08:45,TRADE,11.89,100
2434,2016-07-26 10:08:45,BID,11.89,9400
2435,2016-07-26 10:08:47,TRADE,11.9,300
2436,2016-07-26 10:08:47,TRADE,11.9,300
2437,2016-07-26 10:08:47,BID,11.9,38800
2438,2016-07-26 10:08:47,ASK,11.91,19100
2439,2016-07-26 10:08:47,ASK,11.91,18800
2440,2016-07-26 10:08:47,ASK,11.91,8800
2441,2016-07-26 10:08:47,BID,11.9,43800
2442,2016-07-26 10:08:47,ASK,11.91,8500
2443,2016-07-26 10:08:47,ASK,11.91,8800
2444,2016-07-26 10:08:47,ASK,11.91,4300
2445,2016-07-26 10:08:47,ASK,11.91,3900
2446,2016-07-26 10:08:47,ASK,11.91,300
2447,2016-07-26 10:08:47,ASK,11.92,12900
2448,2016-07-26 10:08:47,ASK,11.92,14900
2449,2016-07-26 10:08:47,BID,11.91,400
2450,2016-07-26 10:08:47,BID,11.91,5400
2451,2016-07-26 10:08:47,BID,11.91,5700
2452,2016-07-26 10:08:48,ASK,11.92,9900
2453,2016-07-26 10:08:48,TRADE,11.91,400
2454,2016-07-26 10:08:48,TRADE,11.91,5000
2455,2016-07-26 10:08:48,TRADE,11.91,300
2456,2016-07-26 10:08:48,BID,11.9,53900
2457,2016-07-26 10:08:48,TRADE,11.9,1300
2457,2016-07-26 10:08:48,BID,11.9,52600
2458,2016-07-26 10:08:48,BID,11.91,400
2459,2016-07-26 10:08:48,BID,11.91,700
2460,2016-07-26 10:08:48,ASK,11.92,10200
2461,2016-07-26 10:08:48,BID,11.91,400
2462,2016-07-26 10:08:48,ASK,11.92,10600
2463,2016-07-26 10:08:50,TRADE,11.91,400
2464,2016-07-26 10:08:50,BID,11.9,52500
2465,2016-07-26 10:08:50,ASK,11.91,15800
2466,2016-07-26 10:08:50,TRADE,11.91,400
2467,2016-07-26 10:08:50,ASK,11.91,15400
2468,2016-07-26 10:08:50,BID,11.9,42500
2469,2016-07-26 10:08:51,TRADE,11.91,1600
2470,2016-07-26 10:08:51,ASK,11.91,13800
2471,2016-07-26 10:08:51,ASK,11.91,14300
2472,2016-07-26 10:08:54,TRADE,11.9,500
2473,2016-07-26 10:08:54,BID,11.9,42000
2474,2016-07-26 10:08:54,TRADE,11.91,10000
2475,2016-07-26 10:08:54,ASK,11.91,4300
2476,2016-07-26 10:08:54,BID,11.9,52000
2477,2016-07-26 10:08:55,TRADE,11.91,100
2478,2016-07-26 10:08:55,ASK,11.91,4200
2479,2016-07-26 10:08:55,TRADE,11.91,3700
2480,2016-07-26 10:08:55,TRADE,11.91,500
2481,2016-07-26 10:08:55,ASK,11.92,8800
2482,2016-07-26 10:08:55,ASK,11.92,8700
2483,2016-07-26 10:08:55,BID,11.91,5000
2484,2016-07-26 10:08:55,BID,11.91,5400
2485,2016-07-26 10:08:55,BID,11.91,5700
2486,2016-07-26 10:08:55,BID,11.91,6000
2487,2016-07-26 10:08:55,ASK,11.92,10700
2488,2016-07-26 10:08:55,ASK,11.92,10300
2489,2016-07-26 10:08:55,ASK,11.92,10000
2491,2016-07-26 10:08:55,ASK,11.92,9700
2493,2016-07-26 10:08:57,TRADE,11.92,800
2494,2016-07-26 10:08:57,ASK,11.92,8900
2495,2016-07-26 10:08:58,BID,11.91,11000
2496,2016-07-26 10:09:00,BID,11.91,12800
2497,2016-07-26 10:09:00,TRADE,11.92,2600
2498,2016-07-26 10:09:00,ASK,11.92,6300
2499,2016-07-26 10:09:00,ASK,11.92,6000
2500,2016-07-26 10:09:01,ASK,11.92,4000
2501,2016-07-26 10:09:01,ASK,11.92,2000
2502,2016-07-26 10:09:01,ASK,11.92,1900
2503,2016-07-26 10:09:02,TRADE,11.91,1100
2504,2016-07-26 10:09:02,BID,11.91,11700
2505,2016-07-26 10:09:02,ASK,11.92,6900
2506,2016-07-26 10:09:03,ASK,11.92,7200
2507,2016-07-26 10:09:03,ASK,11.92,7500
2508,2016-07-26 10:09:03,TRADE,11.91,1200
2509,2016-07-26 10:09:03,BID,11.91,10500
2510,2016-07-26 10:09:03,ASK,11.92,7900
2511,2016-07-26 10:09:04,ASK,11.92,10100
2512,2016-07-26 10:09:04,BID,11.91,10600
2513,2016-07-26 10:09:05,BID,11.91,20600
2514,2016-07-26 10:09:05,ASK,11.92,9800
2515,2016-07-26 10:09:05,ASK,11.92,9400
2516,2016-07-26 10:09:05,TRADE,11.92,500
2517,2016-07-26 10:09:05,ASK,11.92,8900
2518,2016-07-26 10:09:05,ASK,11.92,3900
2519,2016-07-26 10:09:05,ASK,11.92,3600
2520,2016-07-26 10:09:06,BID,11.91,21600
2521,2016-07-26 10:09:07,TRADE,11.92,100
2522,2016-07-26 10:09:07,TRADE,11.92,1300
2523,2016-07-26 10:09:07,TRADE,11.92,600
2524,2016-07-26 10:09:07,ASK,11.92,1600
2525,2016-07-26 10:09:07,TRADE,11.92,1600
2526,2016-07-26 10:09:07,ASK,11.93,25700
2527,2016-07-26 10:09:07,ASK,11.93,15700
2528,2016-07-26 10:09:07,BID,11.91,31600
2529,2016-07-26 10:09:09,BID,11.92,300
2530,2016-07-26 10:09:09,BID,11.92,600
2531,2016-07-26 10:09:09,BID,11.92,4300
2532,2016-07-26 10:09:09,BID,11.92,4700
2533,2016-07-26 10:09:09,ASK,11.93,15600
2534,2016-07-26 10:09:11,ASK,11.93,15200
2535,2016-07-26 10:09:11,ASK,11.93,10200
2536,2016-07-26 10:09:12,TRADE,11.92,300
2537,2016-07-26 10:09:12,TRADE,11.92,200
2538,2016-07-26 10:09:12,BID,11.92,4200
2539,2016-07-26 10:09:13,TRADE,11.93,2000
2540,2016-07-26 10:09:13,ASK,11.93,8200
2541,2016-07-26 10:09:13,TRADE,11.93,6200
2542,2016-07-26 10:09:13,TRADE,11.93,2000
2543,2016-07-26 10:09:13,ASK,11.94,23800
2544,2016-07-26 10:09:13,ASK,11.94,23700
2545,2016-07-26 10:09:13,ASK,11.94,13700
2546,2016-07-26 10:09:13,BID,11.93,300
2547,2016-07-26 10:09:13,BID,11.93,4000
2548,2016-07-26 10:09:13,ASK,11.94,15700
2549,2016-07-26 10:09:13,BID,11.93,4400
2550,2016-07-26 10:09:13,ASK,11.94,15400
2551,2016-07-26 10:09:13,ASK,11.94,13400
2552,2016-07-26 10:09:14,ASK,11.94,8400
2553,2016-07-26 10:09:14,ASK,11.94,8800
2554,2016-07-26 10:09:14,ASK,11.94,8700
2555,2016-07-26 10:09:14,TRADE,11.94,300
2556,2016-07-26 10:09:14,TRADE,11.94,1000
2557,2016-07-26 10:09:14,TRADE,11.94,1200
2558,2016-07-26 10:09:14,ASK,11.94,6200
2559,2016-07-26 10:09:14,BID,11.93,4700
2560,2016-07-26 10:09:14,ASK,11.94,6500
2561,2016-07-26 10:09:14,TRADE,11.94,800
2562,2016-07-26 10:09:14,TRADE,11.94,5000
2563,2016-07-26 10:09:14,TRADE,11.94,400
2564,2016-07-26 10:09:14,TRADE,11.94,300
2565,2016-07-26 10:09:14,ASK,11.95,20100
2566,2016-07-26 10:09:14,ASK,11.95,20000
2567,2016-07-26 10:09:14,ASK,11.95,10000
2568,2016-07-26 10:09:14,BID,11.94,5000
2569,2016-07-26 10:09:14,ASK,11.95,10300
2570,2016-07-26 10:09:14,BID,11.94,5300
2571,2016-07-26 10:09:14,BID,11.94,5700
2572,2016-07-26 10:09:14,TRADE,11.94,500
2573,2016-07-26 10:09:14,BID,11.94,5200
2574,2016-07-26 10:09:14,BID,11.94,4800
2575,2016-07-26 10:09:15,BID,11.94,5200
2576,2016-07-26 10:09:15,BID,11.94,5500
